<?xml version="1.0" encoding="UTF-8"?>
<!DOCTYPE html PUBLIC "-//W3C//DTD XHTML 1.0 Transitional//EN"
    "http://www.w3.org/TR/xhtml1/DTD/xhtml1-transitional.dtd">
<html xmlns="http://www.w3.org/1999/xhtml" xml:lang="en" lang="en">
 <head>
  <title>
</title>
<meta http-equiv="Content-Type" content="text/html;charset=utf-8" />
  <meta name='ocr-system' content='tesseract 3.04.00' />
  <meta name='ocr-capabilities' content='ocr_page ocr_carea ocr_par ocr_line ocrx_word'/>
</head>
<body>
  <div class='ocr_page' id='page_1' title='image "./scholiaincicero01hildgoog_0175.png"; bbox 0 0 2664 3886; ppageno 0'>
   <div class='ocr_carea' id='block_1_1' title="bbox 169 175 794 239">
    <p class='ocr_par' dir='ltr' id='par_1_1' title="bbox 169 175 794 239">
     <span class='ocr_line' id='line_1_1' title="bbox 169 175 794 239; baseline -0.014 -1"><span class='ocrx_word' id='word_1_1' title='bbox 169 175 233 239; x_wconf 78' lang='lat'><strong>120</strong></span> <span class='ocrx_word' id='word_1_2' title='bbox 553 176 592 230; x_wconf 75' lang='lat' dir='ltr'><strong>IN</strong></span> <span class='ocrx_word' id='word_1_3' title='bbox 611 176 794 231; x_wconf 79' lang='lat' dir='ltr'>VATINIUM</span> 
     </span>
    </p>
   </div>
   <div class='ocr_carea' id='block_1_2' title="bbox 70 343 1254 3000">
    <p class='ocr_par' dir='ltr' id='par_1_2' title="bbox 165 343 1223 850">
     <span class='ocr_line' id='line_1_2' title="bbox 166 343 1180 421; baseline 0.004 -20"><span class='ocrx_word' id='word_1_4' title='bbox 166 343 272 402; x_wconf 88' lang='lat' dir='ltr'><strong>Vatini</strong></span> <span class='ocrx_word' id='word_1_5' title='bbox 288 345 455 420; x_wconf 86' lang='lat' dir='ltr'><strong>professum</strong></span> <span class='ocrx_word' id='word_1_6' title='bbox 474 363 536 404; x_wconf 91' lang='lat' dir='ltr'><strong>esse</strong></span> <span class='ocrx_word' id='word_1_7' title='bbox 555 347 629 421; x_wconf 91' lang='lat' dir='ltr'><strong>aput</strong></span> <span class='ocrx_word' id='word_1_8' title='bbox 646 348 782 405; x_wconf 85' lang='lat' dir='ltr'><strong>senatum</strong></span> <span class='ocrx_word' id='word_1_9' title='bbox 801 365 831 405; x_wconf 88' lang='lat' dir='ltr'><strong>se</strong></span> <span class='ocrx_word' id='word_1_10' title='bbox 850 345 1051 405; x_wconf 87' lang='lat' dir='ltr'><strong>indicaturum</strong></span> <span class='ocrx_word' id='word_1_11' title='bbox 1069 345 1180 421; x_wconf 90' lang='lat' dir='ltr'><strong>pleros·</strong></span> 
     </span>
     <span class='ocr_line' id='line_1_3' title="bbox 167 433 1182 511; baseline 0.001 -20"><span class='ocrx_word' id='word_1_12' title='bbox 167 452 223 509; x_wconf 92' lang='lat' dir='ltr'><strong>que</strong></span> <span class='ocrx_word' id='word_1_13' title='bbox 246 433 445 494; x_wconf 88' lang='lat' dir='ltr'><strong>nobilissimos</strong></span> <span class='ocrx_word' id='word_1_14' title='bbox 468 436 547 494; x_wconf 85' lang='lat' dir='ltr'><strong>viros</strong></span> <span class='ocrx_word' id='word_1_15' title='bbox 566 435 603 493; x_wconf 91' lang='lat' dir='ltr'><strong>de</strong></span> <span class='ocrx_word' id='word_1_16' title='bbox 620 434 824 494; x_wconf 89' lang='lat' dir='ltr'><strong>interficiendo</strong></span> <span class='ocrx_word' id='word_1_17' title='bbox 842 434 983 511; x_wconf 91' lang='lat' dir='ltr'><strong>Pompeio</strong></span> <span class='ocrx_word' id='word_1_18' title='bbox 1003 435 1094 494; x_wconf 87' lang='lat' dir='ltr'><strong>inisse</strong></span> <span class='ocrx_word' id='word_1_19' title='bbox 1113 452 1182 494; x_wconf 90' lang='lat' dir='ltr'><strong>con·</strong></span> 
     </span>
     <span class='ocr_line' id='line_1_4' title="bbox 165 523 1182 601; baseline 0.001 -21"><span class='ocrx_word' id='word_1_20' title='bbox 165 524 345 582; x_wconf 87' lang='lat' dir='ltr'><strong>iurationem</strong></span> <span class='ocrx_word' id='word_1_21' title='bbox 375 523 465 599; x_wconf 93' lang='lat' dir='ltr'><strong>idque</strong></span> <span class='ocrx_word' id='word_1_22' title='bbox 496 525 650 601; x_wconf 82' lang='lat' dir='ltr'><strong>negotium</strong></span> <span class='ocrx_word' id='word_1_23' title='bbox 682 524 739 583; x_wconf 89' lang='lat' dir='ltr'><strong>sibi</strong></span> <span class='ocrx_word' id='word_1_24' title='bbox 770 523 941 599; x_wconf 82' lang='lat' dir='ltr'><strong>mandass03</strong></span> <span class='ocrx_word' id='word_1_25' title='bbox 971 524 1050 582; x_wconf 89' lang='lat' dir='ltr'><strong>hunc</strong></span> <span class='ocrx_word' id='word_1_26' title='bbox 1079 525 1182 582; x_wconf 89' lang='lat' dir='ltr'><strong>tamen</strong></span> 
     </span>
     <span class='ocr_line' id='line_1_5' title="bbox 166 611 1181 688; baseline 0 -18"><span class='ocrx_word' id='word_1_27' title='bbox 166 611 303 670; x_wconf 84' lang='lat' dir='ltr'><strong>Vettium</strong></span> <span class='ocrx_word' id='word_1_28' title='bbox 338 613 371 670; x_wconf 91' lang='lat' dir='ltr'><strong>in</strong></span> <span class='ocrx_word' id='word_1_29' title='bbox 402 630 549 671; x_wconf 89' lang='lat' dir='ltr'><strong>carcerem</strong></span> <span class='ocrx_word' id='word_1_30' title='bbox 582 614 748 672; x_wconf 89' lang='lat' dir='ltr'><strong>coniectum</strong></span> <span class='ocrx_word' id='word_1_31' title='bbox 780 616 869 688; x_wconf 90' lang='lat' dir='ltr'><strong>atque</strong></span> <span class='ocrx_word' id='word_1_32' title='bbox 900 612 1011 672; x_wconf 85' lang='lat' dir='ltr'><strong>ibidem</strong></span> <span class='ocrx_word' id='word_1_33' title='bbox 1042 615 1181 670; x_wconf 91' lang='lat' dir='ltr'><strong>necatum</strong></span> 
     </span>
     <span class='ocr_line' id='line_1_6' title="bbox 165 701 1223 778; baseline 0.002 -19"><span class='ocrx_word' id='word_1_34' title='bbox 165 703 239 777; x_wconf 88' lang='lat' dir='ltr'><strong>ipsis</strong></span> <span class='ocrx_word' id='word_1_35' title='bbox 275 701 464 776; x_wconf 89' lang='lat' dir='ltr'><strong>potissimum</strong></span> <span class='ocrx_word' id='word_1_36' title='bbox 501 701 685 777; x_wconf 82' lang='lat' dir='ltr'><strong>auctoribus,</strong></span> <span class='ocrx_word' id='word_1_37' title='bbox 726 703 779 778; x_wconf 90' lang='lat' dir='ltr'><strong>qui</strong></span> <span class='ocrx_word' id='word_1_38' title='bbox 814 721 882 760; x_wconf 91' lang='lat' dir='ltr'><strong>eum</strong></span> <span class='ocrx_word' id='word_1_39' title='bbox 918 701 957 761; x_wconf 89' lang='lat' dir='ltr'><strong>ad</strong></span> <span class='ocrx_word' id='word_1_40' title='bbox 992 701 1181 760; x_wconf 75' lang='lat' dir='ltr'><strong>mendacium</strong></span> <span class='ocrx_word' id='word_1_41' title='bbox 1209 721 1223 761; x_wconf 83' lang='lat' dir='ltr'><strong>e</strong></span> 
     </span>
     <span class='ocr_line' id='line_1_7' title="bbox 168 790 460 850; baseline -0.003 -1"><span class='ocrx_word' id='word_1_42' title='bbox 168 790 385 850; x_wconf 86' lang='lat' dir='ltr'><strong>subornassent.</strong></span> <span class='ocrx_word' id='word_1_43' title='bbox 457 832 460 838; x_wconf 77' lang='lat'><em>‚</em></span> 
     </span>
    </p>

    <p class='ocr_par' dir='ltr' id='par_1_3' title="bbox 234 877 1180 956">
     <span class='ocr_line' id='line_1_8' title="bbox 234 877 1180 956; baseline -0.002 -19"><span class='ocrx_word' id='word_1_44' title='bbox 234 877 270 937; x_wconf 78' lang='grc'><strong>0.-</strong></span> <span class='ocrx_word' id='word_1_45' title='bbox 294 877 495 954; x_wconf 77' lang='lat' dir='ltr'><strong>Curionem,</strong></span> <span class='ocrx_word' id='word_1_46' title='bbox 530 882 744 956; x_wconf 91' lang='lat' dir='ltr'><strong>perpetuum</strong></span> <span class='ocrx_word' id='word_1_47' title='bbox 770 882 908 940; x_wconf 89' lang='lat' dir='ltr'><strong>hostem</strong></span> <span class='ocrx_word' id='word_1_48' title='bbox 939 878 1180 955; x_wconf 90' lang='lat' dir='ltr'><strong>inproborum.</strong></span> 
     </span>
    </p>

    <p class='ocr_par' dir='ltr' id='par_1_4' title="bbox 153 965 1224 1382">
     <span class='ocr_line' id='line_1_9' title="bbox 232 965 1181 1029; baseline -0.001 -4"><span class='ocrx_word' id='word_1_49' title='bbox 232 965 273 1026; x_wconf 80' lang='lat' dir='ltr'><strong>Et</strong></span> <span class='ocrx_word' id='word_1_50' title='bbox 298 968 378 1027; x_wconf 90' lang='lat' dir='ltr'><strong>hunc</strong></span> <span class='ocrx_word' id='word_1_51' title='bbox 399 967 432 1026; x_wconf 76' lang='lat' dir='ltr'><strong>Ia</strong></span> <span class='ocrx_word' id='word_1_52' title='bbox 446 969 566 1029; x_wconf 84' lang='lat' dir='ltr'><strong>Vettius</strong></span> <span class='ocrx_word' id='word_1_53' title='bbox 594 971 762 1029; x_wconf 81' lang='lat' dir='ltr'><strong>nominasse</strong></span> <span class='ocrx_word' id='word_1_54' title='bbox 788 970 867 1027; x_wconf 92' lang='lat' dir='ltr'><strong>inter</strong></span> <span class='ocrx_word' id='word_1_55' title='bbox 890 971 1000 1028; x_wconf 90' lang='lat' dir='ltr'><strong>ceteros</strong></span> <span class='ocrx_word' id='word_1_56' title='bbox 1024 967 1181 1026; x_wconf 86' lang='lat' dir='ltr'><strong>videbatur</strong></span> 
     </span>
     <span class='ocr_line' id='line_1_10' title="bbox 165 1055 1181 1133; baseline -0.002 -17"><span class='ocrx_word' id='word_1_57' title='bbox 165 1056 250 1116; x_wconf 84' lang='lat' dir='ltr'><strong>velut</strong></span> <span class='ocrx_word' id='word_1_58' title='bbox 267 1055 427 1116; x_wconf 83' lang='lat' dir='ltr'><strong>mandatae</strong></span> <span class='ocrx_word' id='word_1_59' title='bbox 445 1059 477 1115; x_wconf 95' lang='lat' dir='ltr'><strong>in</strong></span> <span class='ocrx_word' id='word_1_60' title='bbox 495 1056 671 1133; x_wconf 90' lang='lat' dir='ltr'><strong>Pompeium</strong></span> <span class='ocrx_word' id='word_1_61' title='bbox 690 1057 787 1117; x_wconf 88' lang='lat' dir='ltr'><strong>caedis</strong></span> <span class='ocrx_word' id='word_1_62' title='bbox 807 1060 966 1117; x_wconf 74' lang='lat' dir='ltr'><strong>auctorem.</strong></span> <span class='ocrx_word' id='word_1_63' title='bbox 1004 1055 1062 1126; x_wconf 80' lang='lat' dir='ltr'><strong>oui</strong></span> <span class='ocrx_word' id='word_1_64' title='bbox 1079 1059 1181 1115; x_wconf 86' lang='lat' dir='ltr'><strong>tamen</strong></span> 
     </span>
     <span class='ocr_line' id='line_1_11' title="bbox 167 1144 1224 1225; baseline 0.001 -21"><span class='ocrx_word' id='word_1_65' title='bbox 167 1144 256 1204; x_wconf 76' lang='lat' dir='ltr'><strong>Curio</strong></span> <span class='ocrx_word' id='word_1_66' title='bbox 275 1144 435 1206; x_wconf 79' lang='lat' dir='ltr'><strong>honorifice</strong></span> <span class='ocrx_word' id='word_1_67' title='bbox 453 1164 531 1204; x_wconf 92' lang='lat' dir='ltr'><strong>nunc</strong></span> <span class='ocrx_word' id='word_1_68' title='bbox 549 1164 567 1204; x_wconf 90' lang='lat' dir='ltr'><strong>a</strong></span> <span class='ocrx_word' id='word_1_69' title='bbox 586 1147 685 1205; x_wconf 84' lang='lat' dir='ltr'><strong>Tullio</strong></span> <span class='ocrx_word' id='word_1_70' title='bbox 705 1147 885 1225; x_wconf 89' lang='lat' dir='ltr'><strong>nominatur,</strong></span> <span class='ocrx_word' id='word_1_71' title='bbox 908 1165 975 1204; x_wconf 90' lang='lat' dir='ltr'><strong>cum</strong></span> <span class='ocrx_word' id='word_1_72' title='bbox 993 1145 1182 1206; x_wconf 82' lang='lat' dir='ltr'><strong>vehementer</strong></span> <span class='ocrx_word' id='word_1_73' title='bbox 1196 1165 1224 1205; x_wconf 82' lang='lat' dir='ltr'><strong>ro</strong></span> 
     </span>
     <span class='ocr_line' id='line_1_12' title="bbox 153 1234 1182 1316; baseline 0 -24"><span class='ocrx_word' id='word_1_74' title='bbox 153 1237 197 1316; x_wconf 80' lang='lat' dir='ltr'><strong>=ot</strong></span> <span class='ocrx_word' id='word_1_75' title='bbox 220 1252 322 1310; x_wconf 87' lang='lat' dir='ltr'><strong>aspere</strong></span> <span class='ocrx_word' id='word_1_76' title='bbox 340 1234 487 1293; x_wconf 88' lang='lat' dir='ltr'><strong>laceratus</strong></span> <span class='ocrx_word' id='word_1_77' title='bbox 506 1236 546 1294; x_wconf 89' lang='lat' dir='ltr'><strong>sit</strong></span> <span class='ocrx_word' id='word_1_78' title='bbox 564 1234 601 1292; x_wconf 87' lang='lat' dir='ltr'><strong>ab</strong></span> <span class='ocrx_word' id='word_1_79' title='bbox 620 1235 723 1294; x_wconf 87' lang='lat' dir='ltr'><strong>eodem</strong></span> <span class='ocrx_word' id='word_1_80' title='bbox 741 1237 774 1292; x_wconf 94' lang='lat' dir='ltr'><strong>in</strong></span> <span class='ocrx_word' id='word_1_81' title='bbox 792 1237 934 1310; x_wconf 86' lang='lat' dir='ltr'><strong>oratione,</strong></span> <span class='ocrx_word' id='word_1_82' title='bbox 957 1253 1016 1310; x_wconf 91' lang='lat' dir='ltr'><strong>qua</strong></span> <span class='ocrx_word' id='word_1_83' title='bbox 1035 1237 1065 1292; x_wconf 91' lang='lat' dir='ltr'><strong>et</strong></span> <span class='ocrx_word' id='word_1_84' title='bbox 1082 1235 1182 1309; x_wconf 88' lang='lat' dir='ltr'><strong>ipsum</strong></span> 
     </span>
     <span class='ocr_line' id='line_1_13' title="bbox 168 1320 591 1382; baseline 0 -2"><span class='ocrx_word' id='word_1_85' title='bbox 168 1325 199 1380; x_wconf 87' lang='lat' dir='ltr'><strong>et</strong></span> <span class='ocrx_word' id='word_1_86' title='bbox 220 1322 252 1380; x_wconf 94' lang='lat' dir='ltr'><strong>P.</strong></span> <span class='ocrx_word' id='word_1_87' title='bbox 272 1320 410 1382; x_wconf 78' lang='lat' dir='ltr'><strong>Clodium</strong></span> <span class='ocrx_word' id='word_1_88' title='bbox 431 1323 591 1382; x_wconf 84' lang='lat' dir='ltr'><strong>lacessivit.</strong></span> 
     </span>
    </p>

    <p class='ocr_par' dir='ltr' id='par_1_5' title="bbox 70 1409 1254 1560">
     <span class='ocr_line' id='line_1_14' title="bbox 70 1409 1254 1490; baseline 0.006 -25"><span class='ocrx_word' id='word_1_89' title='bbox 70 1417 148 1478; x_wconf 74' lang='lat'><strong>§2⁵-</strong></span> <span class='ocrx_word' id='word_1_90' title='bbox 234 1409 301 1479; x_wconf 81' lang='lat' dir='ltr'><strong>Qui</strong></span> <span class='ocrx_word' id='word_1_91' title='bbox 328 1411 413 1471; x_wconf 90' lang='lat' dir='ltr'><strong>duos</strong></span> <span class='ocrx_word' id='word_1_92' title='bbox 446 1413 607 1473; x_wconf 88' lang='lat' dir='ltr'><strong>nefarios</strong></span> <span class='ocrx_word' id='word_1_93' title='bbox 635 1415 780 1489; x_wconf 77' lang='lat' dir='ltr'><strong>patriae</strong></span> <span class='ocrx_word' id='word_1_94' title='bbox 806 1413 1012 1489; x_wconf 74' lang='lat' dir='ltr'><strong>proditores</strong></span> <span class='ocrx_word' id='word_1_95' title='bbox 1039 1411 1182 1490; x_wconf 85' lang='lat' dir='ltr'><strong>legibus</strong></span> <span class='ocrx_word' id='word_1_96' title='bbox 1250 1445 1254 1451; x_wconf 88' lang='lat'><strong>·</strong></span> 
     </span>
     <span class='ocr_line' id='line_1_15' title="bbox 168 1502 435 1560; baseline -0.004 -1"><span class='ocrx_word' id='word_1_97' title='bbox 168 1502 435 1560; x_wconf 75' lang='lat' dir='ltr'><strong>exterminaret.</strong></span> 
     </span>
    </p>

    <p class='ocr_par' dir='ltr' id='par_1_6' title="bbox 167 1589 1224 2200">
     <span class='ocr_line' id='line_1_16' title="bbox 233 1589 1224 1668; baseline 0.002 -20"><span class='ocrx_word' id='word_1_98' title='bbox 233 1589 278 1648; x_wconf 90' lang='lat' dir='ltr'><strong>De</strong></span> <span class='ocrx_word' id='word_1_99' title='bbox 301 1589 393 1650; x_wconf 88' lang='lat' dir='ltr'><strong>Lucio</strong></span> <span class='ocrx_word' id='word_1_100' title='bbox 416 1590 545 1650; x_wconf 88' lang='lat' dir='ltr'><strong>Aemilio</strong></span> <span class='ocrx_word' id='word_1_101' title='bbox 568 1590 663 1650; x_wconf 89' lang='lat' dir='ltr'><strong>Paulo</strong></span> <span class='ocrx_word' id='word_1_102' title='bbox 687 1591 769 1667; x_wconf 86' lang='lat' dir='ltr'><strong>dicit,</strong></span> <span class='ocrx_word' id='word_1_103' title='bbox 793 1592 846 1668; x_wconf 91' lang='lat' dir='ltr'><strong>qui</strong></span> <span class='ocrx_word' id='word_1_104' title='bbox 868 1591 1056 1650; x_wconf 89' lang='lat' dir='ltr'><strong>consulatum</strong></span> <span class='ocrx_word' id='word_1_105' title='bbox 1077 1592 1182 1666; x_wconf 89' lang='lat' dir='ltr'><strong>postea</strong></span> <span class='ocrx_word' id='word_1_106' title='bbox 1197 1608 1224 1650; x_wconf 66' lang='grc' dir='ltr'><strong>ιο</strong></span> 
     </span>
     <span class='ocr_line' id='line_1_17' title="bbox 168 1679 1181 1759; baseline -0.001 -22"><span class='ocrx_word' id='word_1_107' title='bbox 168 1697 234 1737; x_wconf 89' lang='lat' dir='ltr'><strong>cum</strong></span> <span class='ocrx_word' id='word_1_108' title='bbox 261 1679 300 1737; x_wconf 88' lang='grc' dir='ltr'><strong>Μ.</strong></span> <span class='ocrx_word' id='word_1_109' title='bbox 319 1679 460 1740; x_wconf 89' lang='lat' dir='ltr'><strong>Marcello</strong></span> <span class='ocrx_word' id='word_1_110' title='bbox 488 1681 581 1759; x_wconf 81' lang='lat' dir='ltr'><strong>gessit</strong></span> <span class='ocrx_word' id='word_1_111' title='bbox 608 1682 676 1739; x_wconf 87' lang='lat' dir='ltr'><strong>ante</strong></span> <span class='ocrx_word' id='word_1_112' title='bbox 706 1699 818 1738; x_wconf 88' lang='lat' dir='ltr'><strong>annum</strong></span> <span class='ocrx_word' id='word_1_113' title='bbox 847 1698 937 1756; x_wconf 87' lang='lat' dir='ltr'><strong>quam</strong></span> <span class='ocrx_word' id='word_1_114' title='bbox 959 1680 1071 1739; x_wconf 91' lang='lat' dir='ltr'><strong>bellum</strong></span> <span class='ocrx_word' id='word_1_115' title='bbox 1094 1679 1181 1738; x_wconf 86' lang='lat' dir='ltr'><strong>civile</strong></span> 
     </span>
     <span class='ocr_line' id='line_1_18' title="bbox 167 1766 1181 1847; baseline -0.001 -21"><span class='ocrx_word' id='word_1_116' title='bbox 167 1766 290 1844; x_wconf 86' lang='lat' dir='ltr'><strong>Pompei</strong></span> <span class='ocrx_word' id='word_1_117' title='bbox 318 1771 348 1827; x_wconf 90' lang='lat' dir='ltr'><strong>et</strong></span> <span class='ocrx_word' id='word_1_118' title='bbox 376 1767 510 1828; x_wconf 77' lang='lat' dir='ltr'><strong>(lassaris</strong></span> <span class='ocrx_word' id='word_1_119' title='bbox 538 1768 747 1828; x_wconf 84' lang='lat' dir='ltr'><strong>exardesceret.</strong></span> <span class='ocrx_word' id='word_1_120' title='bbox 792 1768 852 1827; x_wconf 90' lang='lat' dir='ltr'><strong>Hic</strong></span> <span class='ocrx_word' id='word_1_121' title='bbox 878 1770 972 1847; x_wconf 81' lang='lat' dir='ltr'><strong>igitur</strong></span> <span class='ocrx_word' id='word_1_122' title='bbox 994 1767 1105 1827; x_wconf 89' lang='lat' dir='ltr'><strong>Paulus</strong></span> <span class='ocrx_word' id='word_1_123' title='bbox 1134 1784 1181 1825; x_wconf 89' lang='lat' dir='ltr'><strong>ac-</strong></span> 
     </span>
     <span class='ocr_line' id='line_1_19' title="bbox 168 1856 1181 1932; baseline -0.001 -17"><span class='ocrx_word' id='word_1_124' title='bbox 168 1875 270 1917; x_wconf 88' lang='lat' dir='ltr'><strong>cusare</strong></span> <span class='ocrx_word' id='word_1_125' title='bbox 293 1858 465 1916; x_wconf 87' lang='lat' dir='ltr'><strong>instituerat</strong></span> <span class='ocrx_word' id='word_1_126' title='bbox 491 1857 528 1917; x_wconf 93' lang='lat' dir='ltr'><strong>de</strong></span> <span class='ocrx_word' id='word_1_127' title='bbox 550 1859 582 1917; x_wconf 83' lang='lat' dir='ltr'><strong>vi</strong></span> <span class='ocrx_word' id='word_1_128' title='bbox 603 1857 636 1916; x_wconf 92' lang='lat' dir='ltr'><strong>L.</strong></span> <span class='ocrx_word' id='word_1_129' title='bbox 658 1856 820 1916; x_wconf 79' lang='lat' dir='ltr'><strong>Catilinam</strong></span> <span class='ocrx_word' id='word_1_130' title='bbox 847 1859 892 1930; x_wconf 86' lang='lat' dir='ltr'><strong>et,</strong></span> <span class='ocrx_word' id='word_1_131' title='bbox 919 1859 954 1915; x_wconf 89' lang='lat' dir='ltr'><strong>ut</strong></span> <span class='ocrx_word' id='word_1_132' title='bbox 976 1856 1099 1932; x_wconf 90' lang='lat' dir='ltr'><strong>quidam</strong></span> <span class='ocrx_word' id='word_1_133' title='bbox 1121 1874 1181 1914; x_wconf 89' lang='lat' dir='ltr'><strong>me·</strong></span> 
     </span>
     <span class='ocr_line' id='line_1_20' title="bbox 167 1944 1182 2024; baseline -0.001 -20"><span class='ocrx_word' id='word_1_134' title='bbox 167 1947 279 2006; x_wconf 90' lang='lat' dir='ltr'><strong>moriae</strong></span> <span class='ocrx_word' id='word_1_135' title='bbox 311 1946 512 2021; x_wconf 87' lang='lat' dir='ltr'><strong>tradiderunt,</strong></span> <span class='ocrx_word' id='word_1_136' title='bbox 549 1944 580 2004; x_wconf 82' lang='grc' dir='ltr'><strong>Ο.</strong></span> <span class='ocrx_word' id='word_1_137' title='bbox 609 1945 780 2024; x_wconf 78' lang='lat' dir='ltr'><strong>Cethegum.</strong></span> <span class='ocrx_word' id='word_1_138' title='bbox 840 1945 898 2004; x_wconf 82' lang='lat' dir='ltr'><strong>Sed</strong></span> <span class='ocrx_word' id='word_1_139' title='bbox 935 1947 1014 2005; x_wconf 90' lang='lat' dir='ltr'><strong>enim</strong></span> <span class='ocrx_word' id='word_1_140' title='bbox 1050 1944 1182 2004; x_wconf 71' lang='lat' dir='ltr'><strong>Catilina</strong></span> 
     </span>
     <span class='ocr_line' id='line_1_21' title="bbox 168 2032 1223 2113; baseline -0.001 -20"><span class='ocrx_word' id='word_1_141' title='bbox 168 2034 305 2093; x_wconf 89' lang='lat' dir='ltr'><strong>deficiens</strong></span> <span class='ocrx_word' id='word_1_142' title='bbox 329 2035 365 2094; x_wconf 92' lang='lat' dir='ltr'><strong>ab</strong></span> <span class='ocrx_word' id='word_1_143' title='bbox 388 2054 421 2093; x_wconf 89' lang='lat' dir='ltr'><strong>re</strong></span> <span class='ocrx_word' id='word_1_144' title='bbox 438 2054 467 2111; x_wconf 93' lang='lat' dir='ltr'><strong>p.</strong></span> <span class='ocrx_word' id='word_1_145' title='bbox 487 2053 517 2094; x_wconf 88' lang='lat' dir='ltr'><strong>se</strong></span> <span class='ocrx_word' id='word_1_146' title='bbox 536 2034 575 2092; x_wconf 91' lang='lat' dir='ltr'><strong>ad</strong></span> <span class='ocrx_word' id='word_1_147' title='bbox 594 2053 677 2094; x_wconf 84' lang='lat' dir='ltr'><strong>arma</strong></span> <span class='ocrx_word' id='word_1_148' title='bbox 700 2036 876 2110; x_wconf 86' lang='lat' dir='ltr'><strong>contulerat,</strong></span> <span class='ocrx_word' id='word_1_149' title='bbox 900 2032 1046 2113; x_wconf 72' lang='lat' dir='ltr'><strong>Cethegus</strong></span> <span class='ocrx_word' id='word_1_150' title='bbox 1065 2051 1182 2110; x_wconf 89' lang='lat' dir='ltr'><strong>quoque</strong></span> <span class='ocrx_word' id='word_1_151' title='bbox 1197 2053 1223 2092; x_wconf 80' lang='lat' dir='ltr'><strong>ao</strong></span> 
     </span>
     <span class='ocr_line' id='line_1_22' title="bbox 167 2124 858 2200; baseline 0.003 -20"><span class='ocrx_word' id='word_1_152' title='bbox 167 2125 200 2180; x_wconf 93' lang='lat' dir='ltr'><strong>in</strong></span> <span class='ocrx_word' id='word_1_153' title='bbox 223 2124 327 2181; x_wconf 90' lang='lat' dir='ltr'><strong>eadem</strong></span> <span class='ocrx_word' id='word_1_154' title='bbox 349 2125 587 2200; x_wconf 85' lang='lat' dir='ltr'><strong>perseveratione</strong></span> <span class='ocrx_word' id='word_1_155' title='bbox 610 2127 781 2185; x_wconf 88' lang='lat' dir='ltr'><strong>consumtus</strong></span> <span class='ocrx_word' id='word_1_156' title='bbox 805 2127 858 2183; x_wconf 86' lang='lat' dir='ltr'><strong>est.</strong></span> 
     </span>
    </p>

    <p class='ocr_par' dir='ltr' id='par_1_7' title="bbox 71 2209 1182 2291">
     <span class='ocr_line' id='line_1_23' title="bbox 71 2209 1182 2291; baseline 0.001 -23"><span class='ocrx_word' id='word_1_157' title='bbox 71 2216 148 2278; x_wconf 74' lang='lat'><strong>§27-</strong></span> <span class='ocrx_word' id='word_1_158' title='bbox 236 2209 466 2287; x_wconf 83' lang='lat' dir='ltr'><strong>Spoliaretur</strong></span> <span class='ocrx_word' id='word_1_159' title='bbox 491 2211 671 2272; x_wconf 84' lang='lat' dir='ltr'><strong>beneficio</strong></span> <span class='ocrx_word' id='word_1_160' title='bbox 699 2216 734 2272; x_wconf 95' lang='lat' dir='ltr'><strong>et</strong></span> <span class='ocrx_word' id='word_1_161' title='bbox 761 2213 948 2289; x_wconf 88' lang='lat' dir='ltr'><strong>aequitate</strong></span> <span class='ocrx_word' id='word_1_162' title='bbox 975 2213 1067 2291; x_wconf 81' lang='lat' dir='ltr'><strong>legis</strong></span> <span class='ocrx_word' id='word_1_163' title='bbox 1090 2214 1182 2270; x_wconf 89' lang='lat' dir='ltr'><strong>tuae.</strong></span> 
     </span>
    </p>

    <p class='ocr_par' dir='ltr' id='par_1_8' title="bbox 168 2299 1183 2470">
     <span class='ocr_line' id='line_1_24' title="bbox 235 2299 1183 2379; baseline 0 -21"><span class='ocrx_word' id='word_1_164' title='bbox 235 2299 345 2378; x_wconf 81' lang='lat' dir='ltr'><strong>Legem</strong></span> <span class='ocrx_word' id='word_1_165' title='bbox 391 2301 511 2377; x_wconf 89' lang='lat' dir='ltr'><strong>quidem</strong></span> <span class='ocrx_word' id='word_1_166' title='bbox 550 2301 628 2360; x_wconf 90' lang='lat' dir='ltr'><strong>hanc</strong></span> <span class='ocrx_word' id='word_1_167' title='bbox 668 2320 728 2362; x_wconf 92' lang='lat' dir='ltr'><strong>non</strong></span> <span class='ocrx_word' id='word_1_168' title='bbox 767 2300 985 2379; x_wconf 90' lang='lat' dir='ltr'><strong>inprobabilem</strong></span> <span class='ocrx_word' id='word_1_169' title='bbox 1025 2299 1183 2360; x_wconf 85' lang='lat' dir='ltr'><strong>videbatur</strong></span> 
     </span>
     <span class='ocr_line' id='line_1_25' title="bbox 168 2389 1183 2470; baseline 0.001 -23"><span class='ocrx_word' id='word_1_170' title='bbox 168 2389 200 2447; x_wconf 91' lang='lat' dir='ltr'><strong>P.</strong></span> <span class='ocrx_word' id='word_1_171' title='bbox 218 2389 359 2448; x_wconf 83' lang='lat' dir='ltr'><strong>Vatinius</strong></span> <span class='ocrx_word' id='word_1_172' title='bbox 391 2391 424 2447; x_wconf 91' lang='lat' dir='ltr'><strong>in</strong></span> <span class='ocrx_word' id='word_1_173' title='bbox 451 2391 607 2449; x_wconf 83' lang='lat' dir='ltr'><strong>tribunatu</strong></span> <span class='ocrx_word' id='word_1_174' title='bbox 634 2408 688 2451; x_wconf 88' lang='lat' dir='ltr'><strong>suo</strong></span> <span class='ocrx_word' id='word_1_175' title='bbox 715 2409 902 2470; x_wconf 76' lang='lat' dir='ltr'><strong>pernegasse‚</strong></span> <span class='ocrx_word' id='word_1_176' title='bbox 934 2393 968 2449; x_wconf 92' lang='lat' dir='ltr'><strong>ut</strong></span> <span class='ocrx_word' id='word_1_177' title='bbox 999 2391 1183 2449; x_wconf 87' lang='lat' dir='ltr'><strong>alternorum</strong></span> 
     </span>
    </p>

    <p class='ocr_par' dir='ltr' id='par_1_9' title="bbox 127 2477 1224 3000">
     <span class='ocr_line' id='line_1_26' title="bbox 127 2477 1224 2553; baseline -0.004 -14"><span class='ocrx_word' id='word_1_178' title='bbox 127 2534 130 2539; x_wconf 91' lang='lat'>.</span> <span class='ocrx_word' id='word_1_179' title='bbox 167 2478 300 2537; x_wconf 84' lang='lat' dir='ltr'><strong>iudicum</strong></span> <span class='ocrx_word' id='word_1_180' title='bbox 328 2479 450 2538; x_wconf 87' lang='lat' dir='ltr'><strong>reiectio</strong></span> <span class='ocrx_word' id='word_1_181' title='bbox 481 2479 572 2537; x_wconf 87' lang='lat' dir='ltr'><strong>fieret.</strong></span> <span class='ocrx_word' id='word_1_182' title='bbox 624 2477 683 2538; x_wconf 84' lang='lat' dir='ltr'><strong>Sed</strong></span> <span class='ocrx_word' id='word_1_183' title='bbox 714 2483 800 2539; x_wconf 87' lang='lat' dir='ltr'><strong>acute</strong></span> <span class='ocrx_word' id='word_1_184' title='bbox 832 2479 963 2539; x_wconf 78' lang='lat' dir='ltr'><strong>detrahit</strong></span> <span class='ocrx_word' id='word_1_185' title='bbox 994 2481 1023 2538; x_wconf 91' lang='lat' dir='ltr'><strong>ei</strong></span> <span class='ocrx_word' id='word_1_186' title='bbox 1053 2479 1224 2553; x_wconf 69' lang='lat' dir='ltr'><strong>laudemus</strong></span> 
     </span>
     <span class='ocr_line' id='line_1_27' title="bbox 168 2566 1183 2647; baseline 0.002 -22"><span class='ocrx_word' id='word_1_187' title='bbox 168 2587 258 2644; x_wconf 91' lang='lat' dir='ltr'><strong>quam</strong></span> <span class='ocrx_word' id='word_1_188' title='bbox 277 2568 313 2626; x_wconf 90' lang='lat' dir='ltr'><strong>de</strong></span> <span class='ocrx_word' id='word_1_189' title='bbox 331 2569 483 2644; x_wconf 85' lang='lat' dir='ltr'><strong>aequitate</strong></span> <span class='ocrx_word' id='word_1_190' title='bbox 501 2569 577 2647; x_wconf 80' lang='lat' dir='ltr'><strong>legis</strong></span> <span class='ocrx_word' id='word_1_191' title='bbox 596 2571 737 2644; x_wconf 80' lang='lat' dir='ltr'><strong>consequi</strong></span> <span class='ocrx_word' id='word_1_192' title='bbox 754 2571 881 2645; x_wconf 87' lang='lat' dir='ltr'><strong>poterat,</strong></span> <span class='ocrx_word' id='word_1_193' title='bbox 905 2586 939 2628; x_wconf 88' lang='lat' dir='ltr'><strong>eo</strong></span> <span class='ocrx_word' id='word_1_194' title='bbox 958 2569 1080 2642; x_wconf 86' lang='lat' dir='ltr'><strong>scilicet,</strong></span> <span class='ocrx_word' id='word_1_195' title='bbox 1104 2566 1183 2644; x_wconf 93' lang='lat' dir='ltr'><strong>quod</strong></span> 
     </span>
     <span class='ocr_line' id='line_1_28' title="bbox 167 2647 1184 2737; baseline 0 -23"><span class='ocrx_word' id='word_1_196' title='bbox 167 2657 200 2715; x_wconf 90' lang='lat' dir='ltr'><strong>id</strong></span> <span class='ocrx_word' id='word_1_197' title='bbox 223 2657 329 2735; x_wconf 82' lang='lat' dir='ltr'><strong>egerit,</strong></span> <span class='ocrx_word' id='word_1_198' title='bbox 357 2660 392 2716; x_wconf 93' lang='lat' dir='ltr'><strong>ut</strong></span> <span class='ocrx_word' id='word_1_199' title='bbox 414 2655 445 2715; x_wconf 83' lang='lat'><strong>0.</strong></span> <span class='ocrx_word' id='word_1_200' title='bbox 464 2658 626 2733; x_wconf 85' lang='lat' dir='ltr'><strong>Antonius,</strong></span> <span class='ocrx_word' id='word_1_201' title='bbox 654 2659 707 2734; x_wconf 88' lang='lat' dir='ltr'><strong>qui</strong></span> <span class='ocrx_word' id='word_1_202' title='bbox 730 2659 844 2737; x_wconf 81' lang='lat' dir='ltr'><strong>collega</strong></span> <span class='ocrx_word' id='word_1_203' title='bbox 866 2657 905 2716; x_wconf 92' lang='lat' dir='ltr'><strong>M.</strong></span> <span class='ocrx_word' id='word_1_204' title='bbox 926 2657 1007 2716; x_wconf 87' lang='lat' dir='ltr'><strong>Tulli</strong></span> <span class='ocrx_word' id='word_1_205' title='bbox 1029 2658 1128 2715; x_wconf 86' lang='lat' dir='ltr'><strong>fuerat</strong></span> <span class='ocrx_word' id='word_1_206' title='bbox 1149 2647 1184 2714; x_wconf 89' lang='lat' dir='ltr'><strong>in</strong></span> 
     </span>
     <span class='ocr_line' id='line_1_29' title="bbox 169 2745 1183 2820; baseline 0.001 -16"><span class='ocrx_word' id='word_1_207' title='bbox 169 2747 341 2820; x_wconf 89' lang='lat' dir='ltr'><strong>consulatu,</strong></span> <span class='ocrx_word' id='word_1_208' title='bbox 364 2749 433 2805; x_wconf 89' lang='lat' dir='ltr'><strong>ante</strong></span> <span class='ocrx_word' id='word_1_209' title='bbox 455 2765 523 2806; x_wconf 86' lang='lat' dir='ltr'><strong>reus</strong></span> <span class='ocrx_word' id='word_1_210' title='bbox 545 2745 630 2805; x_wconf 86' lang='lat' dir='ltr'><strong>fieret</strong></span> <span class='ocrx_word' id='word_1_211' title='bbox 652 2747 860 2806; x_wconf 87' lang='lat' dir='ltr'><strong>accusantibus</strong></span> <span class='ocrx_word' id='word_1_212' title='bbox 884 2745 916 2815; x_wconf 79' lang='lat' dir='ltr'><strong>Q.</strong></span> <span class='ocrx_word' id='word_1_213' title='bbox 935 2746 1029 2806; x_wconf 80' lang='lat' dir='ltr'><strong>Fabio</strong></span> <span class='ocrx_word' id='word_1_214' title='bbox 1051 2745 1183 2805; x_wconf 86' lang='lat' dir='ltr'><strong>Maximo</strong></span> 
     </span>
     <span class='ocr_line' id='line_1_30' title="bbox 168 2833 1183 2911; baseline -0.001 -18"><span class='ocrx_word' id='word_1_215' title='bbox 168 2838 199 2893; x_wconf 87' lang='lat' dir='ltr'><strong>et</strong></span> <span class='ocrx_word' id='word_1_216' title='bbox 220 2834 260 2892; x_wconf 89' lang='lat' dir='ltr'><strong>M.</strong></span> <span class='ocrx_word' id='word_1_217' title='bbox 280 2833 381 2895; x_wconf 78' lang='lat' dir='ltr'><strong>Caelio</strong></span> <span class='ocrx_word' id='word_1_218' title='bbox 404 2835 496 2910; x_wconf 86' lang='lat' dir='ltr'><strong>Rufo,</strong></span> <span class='ocrx_word' id='word_1_219' title='bbox 523 2854 614 2911; x_wconf 91' lang='lat' dir='ltr'><strong>quam</strong></span> <span class='ocrx_word' id='word_1_220' title='bbox 640 2836 688 2894; x_wconf 89' lang='lat' dir='ltr'><strong>lex</strong></span> <span class='ocrx_word' id='word_1_221' title='bbox 710 2836 835 2894; x_wconf 84' lang='lat' dir='ltr'><strong>Vatinia</strong></span> <span class='ocrx_word' id='word_1_222' title='bbox 865 2835 901 2894; x_wconf 88' lang='lat' dir='ltr'><strong>de</strong></span> <span class='ocrx_word' id='word_1_223' title='bbox 923 2837 1082 2895; x_wconf 88' lang='lat' dir='ltr'><strong>reiectione</strong></span> <span class='ocrx_word' id='word_1_224' title='bbox 1105 2833 1183 2892; x_wconf 88' lang='lat' dir='ltr'><strong>iudi-</strong></span> 
     </span>
     <span class='ocr_line' id='line_1_31' title="bbox 168 2922 1224 3000; baseline -0.002 -17"><span class='ocrx_word' id='word_1_225' title='bbox 168 2942 236 2983; x_wconf 87' lang='lat' dir='ltr'><strong>cum</strong></span> <span class='ocrx_word' id='word_1_226' title='bbox 258 2923 451 3000; x_wconf 86' lang='lat' dir='ltr'><strong>perferretur‚</strong></span> <span class='ocrx_word' id='word_1_227' title='bbox 478 2927 513 2983; x_wconf 86' lang='lat' dir='ltr'><strong>ut</strong></span> <span class='ocrx_word' id='word_1_228' title='bbox 534 2927 635 3000; x_wconf 88' lang='lat' dir='ltr'><strong>posset</strong></span> <span class='ocrx_word' id='word_1_229' title='bbox 662 2926 842 3000; x_wconf 86' lang='lat' dir='ltr'><strong>aequissimo</strong></span> <span class='ocrx_word' id='word_1_230' title='bbox 864 2924 976 2985; x_wconf 86' lang='lat' dir='ltr'><strong>iudicio</strong></span> <span class='ocrx_word' id='word_1_231' title='bbox 998 2941 1065 2982; x_wconf 88' lang='lat' dir='ltr'><strong>reus</strong></span> <span class='ocrx_word' id='word_1_232' title='bbox 1088 2922 1182 2982; x_wconf 86' lang='lat' dir='ltr'><strong>Anto·</strong></span> <span class='ocrx_word' id='word_1_233' title='bbox 1196 2939 1224 2980; x_wconf 84' lang='lat' dir='ltr'><strong>so</strong></span> 
     </span>
    </p>
   </div>
   <div class='ocr_carea' id='block_1_3' title="bbox 168 3012 1183 3102">
    <p class='ocr_par' dir='ltr' id='par_1_10' title="bbox 168 3012 1183 3102">
     <span class='ocr_line' id='line_1_32' title="bbox 168 3012 1183 3102; baseline -0.002 -30"><span class='ocrx_word' id='word_1_234' title='bbox 168 3015 236 3073; x_wconf 92' lang='lat' dir='ltr'><strong>nius</strong></span> <span class='ocrx_word' id='word_1_235' title='bbox 272 3014 401 3089; x_wconf 84' lang='lat' dir='ltr'><strong>privari,</strong></span> <span class='ocrx_word' id='word_1_236' title='bbox 437 3031 505 3072; x_wconf 84' lang='lat' dir='ltr'><strong>cum</strong></span> <span class='ocrx_word' id='word_1_237' title='bbox 540 3015 716 3089; x_wconf 86' lang='lat' dir='ltr'><strong>praesertim</strong></span> <span class='ocrx_word' id='word_1_238' title='bbox 753 3016 830 3073; x_wconf 88' lang='lat' dir='ltr'><strong>esset</strong></span> <span class='ocrx_word' id='word_1_239' title='bbox 861 3014 909 3072; x_wconf 87' lang='lat' dir='ltr'><strong>illi</strong></span> <span class='ocrx_word' id='word_1_240' title='bbox 930 3013 1071 3102; x_wconf 77' lang='lat' dir='ltr'><strong>Vatinius</strong></span> <span class='ocrx_word' id='word_1_241' title='bbox 1103 3012 1183 3070; x_wconf 89' lang='lat' dir='ltr'><strong>idem</strong></span> 
     </span>
    </p>
   </div>
   <div class='ocr_carea' id='block_1_4' title="bbox 168 3198 1184 3610">
    <p class='ocr_par' dir='ltr' id='par_1_11' title="bbox 168 3198 1184 3610">
     <span class='ocr_line' id='line_1_33' title="bbox 236 3198 1183 3264; baseline -0.002 -11"><span class='ocrx_word' id='word_1_242' title='bbox 236 3199 384 3264; x_wconf 67' lang='lat' dir='ltr'><strong>bthed·</strong></span> <span class='ocrx_word' id='word_1_243' title='bbox 498 3198 618 3257; x_wconf 66' lang='lat' dir='ltr'><strong>closo</strong></span> <span class='ocrx_word' id='word_1_244' title='bbox 707 3201 800 3256; x_wconf 76' lang='lat' dir='ltr'><strong>coel</strong></span> <span class='ocrx_word' id='word_1_245' title='bbox 819 3200 907 3255; x_wconf 86' lang='lat' dir='ltr'><strong>veluti</strong></span> <span class='ocrx_word' id='word_1_246' title='bbox 926 3217 969 3256; x_wconf 78' lang='lat' dir='ltr'><strong>aso</strong></span> <span class='ocrx_word' id='word_1_247' title='bbox 1049 3199 1183 3254; x_wconf 84' lang='lat' dir='ltr'><strong>mandate</strong></span> 
     </span>
     <span class='ocr_line' id='line_1_34' title="bbox 170 3271 1184 3343; baseline -0.003 -16"><span class='ocrx_word' id='word_1_248' title='bbox 170 3273 194 3327; x_wconf 83' lang='grc'><em>0</em></span> <span class='ocrx_word' id='word_1_249' title='bbox 264 3275 297 3324; x_wconf 80' lang='grc'><strong>16</strong></span> <span class='ocrx_word' id='word_1_250' title='bbox 321 3271 459 3327; x_wconf 85' lang='lat' dir='ltr'><strong>BalboO&#39;</strong></span> <span class='ocrx_word' id='word_1_251' title='bbox 533 3277 565 3325; x_wconf 83' lang='lat'><strong>19</strong></span> <span class='ocrx_word' id='word_1_252' title='bbox 590 3271 810 3343; x_wconf 81' lang='lat' dir='ltr'><strong>CaethegumC</strong></span> <span class='ocrx_word' id='word_1_253' title='bbox 884 3271 1184 3326; x_wconf 78' lang='lat' dir='ltr'><strong>a1coniurati0nem</strong></span> 
     </span>
     <span class='ocr_line' id='line_1_35' title="bbox 168 3341 1183 3412; baseline -0.001 -16"><span class='ocrx_word' id='word_1_254' title='bbox 168 3357 349 3411; x_wconf 86' lang='lat' dir='ltr'><strong>perseverane</strong></span> <span class='ocrx_word' id='word_1_255' title='bbox 358 3343 467 3398; x_wconf 89' lang='lat' dir='ltr'><strong>ratione</strong></span> <span class='ocrx_word' id='word_1_256' title='bbox 476 3343 518 3397; x_wconf 84' lang='lat' dir='ltr'><strong>cel</strong></span> <span class='ocrx_word' id='word_1_257' title='bbox 530 3359 711 3412; x_wconf 85' lang='lat' dir='ltr'><strong>perseverans</strong></span> <span class='ocrx_word' id='word_1_258' title='bbox 725 3342 918 3398; x_wconf 84' lang='lat' dir='ltr'><strong>eonimatione</strong></span> <span class='ocrx_word' id='word_1_259' title='bbox 929 3342 967 3397; x_wconf 86' lang='lat' dir='ltr'><strong>Or</strong></span> <span class='ocrx_word' id='word_1_260' title='bbox 1038 3349 1072 3397; x_wconf 79' lang='lat'><strong>26</strong></span> <span class='ocrx_word' id='word_1_261' title='bbox 1087 3341 1183 3411; x_wconf 86' lang='lat' dir='ltr'><strong>seqni-</strong></span> 
     </span>
     <span class='ocr_line' id='line_1_36' title="bbox 168 3413 1182 3486; baseline 0.001 -21"><span class='ocrx_word' id='word_1_262' title='bbox 168 3415 259 3466; x_wconf 86' lang='lat' dir='ltr'><strong>tetem</strong></span> <span class='ocrx_word' id='word_1_263' title='bbox 282 3413 306 3468; x_wconf 83' lang='lat'><em>0</em></span> <span class='ocrx_word' id='word_1_264' title='bbox 419 3419 453 3468; x_wconf 78' lang='lat'><strong>26</strong></span> <span class='ocrx_word' id='word_1_265' title='bbox 477 3418 509 3468; x_wconf 73' lang='lat'><strong>2⁷</strong></span> <span class='ocrx_word' id='word_1_266' title='bbox 539 3414 614 3482; x_wconf 88' lang='lat' dir='ltr'><strong>quod</strong></span> <span class='ocrx_word' id='word_1_267' title='bbox 636 3414 747 3486; x_wconf 82' lang='lat' dir='ltr'><strong>degerit</strong></span> <span class='ocrx_word' id='word_1_268' title='bbox 772 3415 796 3470; x_wconf 81' lang='grc'><em>0</em></span> <span class='ocrx_word' id='word_1_269' title='bbox 821 3414 896 3483; x_wconf 86' lang='lat' dir='ltr'><strong>qued</strong></span> <span class='ocrx_word' id='word_1_270' title='bbox 919 3413 1009 3484; x_wconf 78' lang='lat' dir='ltr'><strong>egerit</strong></span> <span class='ocrx_word' id='word_1_271' title='bbox 1030 3429 1086 3480; x_wconf 80' lang='lat' dir='ltr'><strong>mo,</strong></span> <span class='ocrx_word' id='word_1_272' title='bbox 1113 3429 1182 3468; x_wconf 82' lang='lat' dir='ltr'><strong>corr.</strong></span> 
     </span>
     <span class='ocr_line' id='line_1_37' title="bbox 170 3483 1183 3555; baseline -0.001 -16"><span class='ocrx_word' id='word_1_273' title='bbox 170 3484 203 3539; x_wconf 79' lang='lat' dir='ltr'><strong>St</strong></span> <span class='ocrx_word' id='word_1_274' title='bbox 295 3485 552 3540; x_wconf 77' lang='lat' dir='ltr'><strong>eoutoonem</strong></span> <span class='ocrx_word' id='word_1_275' title='bbox 648 3491 681 3540; x_wconf 78' lang='lat'><strong>31</strong></span> <span class='ocrx_word' id='word_1_276' title='bbox 711 3483 1183 3555; x_wconf 80' lang='lat' dir='ltr'><strong>eapeririOeaferirimoirui</strong></span> 
     </span>
     <span class='ocr_line' id='line_1_38' title="bbox 169 3554 579 3610; baseline 0 0"><span class='ocrx_word' id='word_1_277' title='bbox 169 3554 296 3610; x_wconf 76' lang='lat' dir='ltr'><strong>Niebuhr</strong></span> <span class='ocrx_word' id='word_1_278' title='bbox 313 3573 340 3609; x_wconf 85' lang='lat' dir='ltr'><strong>m</strong></span> <span class='ocrx_word' id='word_1_279' title='bbox 361 3570 395 3609; x_wconf 92' lang='lat' dir='ltr'><strong>ea</strong></span> <span class='ocrx_word' id='word_1_280' title='bbox 413 3555 473 3609; x_wconf 85' lang='lat' dir='ltr'><strong>fieri</strong></span> <span class='ocrx_word' id='word_1_281' title='bbox 491 3557 579 3610; x_wconf 86' lang='lat' dir='ltr'><strong>Halm</strong></span> 
     </span>
    </p>
   </div>
   <div class='ocr_carea' id='block_1_5' title="bbox 0 0 1336 3886">
    <p class='ocr_par' dir='ltr' id='par_1_12' title="bbox 0 0 1336 3886">
     <span class='ocr_line' id='line_1_39' title="bbox 0 0 1336 3886; baseline 0 0"><span class='ocrx_word' id='word_1_282' title='bbox 0 0 1336 3886; x_wconf 95' lang='lat' dir='ltr'><strong> </strong></span> 
     </span>
    </p>
   </div>
  </div>
 </body>
</html>
