2664 3886
578 227 593 287 s
613 226 725 275 13-14.
1113 223 1155 285 69

138 391 239 448 vetere
262 389 482 464 consuetudine,
504 392 538 448 ut
560 408 620 449 non
641 392 668 449 is
690 384 764 468 <qui
786 392 900 467 primus
923 392 1052 448 interrex
1071 395 1156 465 esset,

16 513 19 519 ·
140 479 262 538 comitia
288 479 422 554 haberet,
455 473 527 556 sed>
555 481 607 555 qui
633 479 698 538 loco
726 479 853 539 secundo
881 482 1038 539 crearetur.
1088 480 1156 538 Non

140 567 302 643 obsequens
348 571 448 628 tamen
493 569 540 626 illi
585 569 771 644 conspiratae
816 568 1017 643 multitudini,
1066 587 1156 645 quam

139 656 276 716 Plautius
307 656 464 732 Hypsaeus
497 660 527 716 et
558 657 695 716 Metellus
726 655 826 733 Scipio
858 659 1093 732 concitaverant,
1125 660 1156 715 in

113 745 305 821 apericulum
336 746 478 805 deductus
505 749 562 820 est,
594 749 629 805 01
659 747 764 806 domus
796 747 858 806 eius
885 748 1101 824 inpugnaretur
1128 750 1158 805 et

140 833 325 894 obsidionem
347 835 463 895 dierum
490 837 620 911 quinque
647 837 808 911 pateretur.
855 834 910 894 Oui
933 835 971 893 ad
994 838 1157 894 extremum

141 924 205 982 sola
232 924 323 982 factio
347 925 467 983 Milonis
496 925 607 982 auxilio
634 925 706 998 fuit,
733 943 793 1000 qua
820 923 988 984 decertante
1017 943 1083 983 cum
1107 925 1157 982 ad-

140 1013 273 1072 versaria
289 1014 455 1088 perfectum
473 1015 526 1088 est,
549 1017 583 1072 ut
601 1015 756 1072 exueretur
772 1014 913 1090 periculo,
933 1032 992 1088 quo
1011 1015 1158 1073 artissime

141 1101 337 1177 premebatur.

15 1231 16 1234 η
100 1207 127 1249 ro
209 1189 300 1259 Quia
322 1191 423 1250 nulla
449 1193 503 1251 vis
531 1210 695 1267 umquam
719 1194 773 1250 661
799 1193 837 1251 in
866 1192 983 1251 libera
1006 1193 1158 1251 civitate

142 1283 308 1356 suscepta
329 1282 425 1339 inter
448 1282 539 1340 civis
562 1299 630 1339 non
654 1282 779 1339 contra
801 1300 872 1340 rem
894 1301 923 1356 p.

207 1368 340 1427 Nimium
504 1369 654 1430 Adversus
699 1371 932 1445 propositionem
967 1371 1062 1447 partis
1108 1370 1158 1428 ad-

141 1475 242 1517 versae
264 1458 345 1517 facta
367 1460 518 1534 responsio
542 1461 587 1518 est
609 1459 739 1516 tenuiter
761 1461 792 1517 et
814 1461 947 1536 anguste.
992 1458 1057 1518 Hoc
1080 1461 1159 1517 enim

141 1545 266 1622 probare
289 1549 440 1618 conititur,
453 1548 507 1605 illo
530 1547 647 1606 decreto
674 1549 794 1606 senatus
817 1565 876 1606 non
904 1548 1017 1606 factum
1039 1547 1159 1606 Milonis

101 1651 128 1692 rc
141 1635 400 1710 praedamnatum,
428 1638 473 1695 set
496 1636 673 1714 generaliter
699 1637 796 1713 ipsam
823 1637 885 1694 vim
907 1637 1055 1710 notatam,
1083 1655 1159 1711 quae

140 1725 219 1782 inter
241 1724 314 1784 duos
337 1726 489 1799 evenerat,
516 1727 551 1783 ut
573 1727 687 1783 remota
709 1723 838 1783 faciendi
864 1742 953 1783 causa
975 1723 1160 1801 displicuerit

142 1814 259 1872 senatui
282 1814 396 1890 aliquid
427 1833 481 1889 per
507 1816 569 1873 vim
591 1815 670 1872 inter
691 1815 769 1874 cives
797 1831 859 1873 esse
882 1815 1083 1887 commissum,
1115 1815 1159 1872 ita

141 1903 254 1977 tamen,
295 1905 330 1962 ut
369 1922 428 1962 non
465 1903 609 1963 ademerit
643 1903 749 1961 Miloni
785 1902 960 1962 facultatem
995 1901 1160 1961 reddendae

141 1992 280 2065 rationis,
312 2010 364 2050 cur
391 1992 428 2050 ab
456 2011 487 2052 se
513 1992 628 2052 facinus
655 1992 731 2050 illud
759 1992 920 2052 admissum
945 1994 992 2051 sit.
1042 1992 1083 2050 Et
1104 1992 1160 2050 hoc

102 2097 128 2138 ao
141 2081 240 2139 munit
262 2081 402 2158 exemplis
425 2082 560 2158 pluribus
588 2099 703 2155 eorum,
733 2100 807 2156 quos
835 2100 870 2141 ex
896 2100 952 2140 usu
973 2082 1018 2138 rei
1040 2101 1068 2156 p.
1092 2099 1159 2139 con·

142 2168 243 2227 stabat
282 2171 406 2244 occisos,
444 2172 479 2229 ut
519 2171 711 2229 nihilominus
743 2172 775 2228 in
811 2170 905 2230 isdem
941 2170 1078 2230 caedibus
1114 2172 1160 2230 vis

143 2257 306 2316 execranda
328 2259 427 2334 fuerit,
450 2260 521 2318 licet
543 2278 597 2336 pro
621 2261 770 2318 communi
792 2260 925 2318 utilitate
948 2261 1092 2335 suscepta.

208 2346 337 2423 Itaque
361 2366 423 2426 ego
446 2351 522 2423 ipse
545 2347 695 2407 decrevi.
1179 2359 1194 2418 ς
1216 2359 1256 2407 14.

287 2437 441 2496 retinenda
472 2437 520 2496 hic
551 2438 756 2512 pronuntiatio
789 2439 847 2511 est,
883 2439 917 2495 ut
946 2436 1021 2495 illud
1049 2438 1160 2512 sapiat:

102 2540 128 2582 aa
143 2541 197 2601 ego
224 2526 301 2601 ipse,
329 2527 381 2602 qui
403 2525 435 2583 P.
461 2525 564 2584 Clodio
586 2526 724 2584 inimicus
752 2526 809 2599 fui,
837 2527 889 2602 qui
910 2525 1017 2584 Miloni
1042 2528 1161 2602 praeter

143 2615 254 2674 ceteros
282 2613 375 2673 faveo.
425 2614 510 2672 Nihil
542 2615 605 2673 eius
637 2631 742 2672 causae
775 2614 871 2672 obfuit
898 2614 973 2672 illud
1001 2614 1160 2688 decretum,

142 2705 177 2760 ut
201 2703 228 2760 ei
251 2721 310 2761 non
334 2705 390 2763 sim
413 2705 504 2762 etiam
527 2704 591 2779 ipse
610 2703 786 2780 refragatus.

212 2894 225 2940 1
246 2889 271 2942 16
286 2888 357 2962 <qui
375 2891 482 2959 primus
501 2889 624 2944 interrex
643 2889 714 2962 sed>
729 2889 778 2958 qui
796 2889 858 2944 loco
878 2890 999 2944 secundo
1019 2893 1160 2944 crearetur

143 3012 438 3086 (0016666606)
457 3031 500 3069 aa
581 2977 651 3069 rii
725 3014 956 3086 tdoMeRlSde
1039 3015 1160 3068 seesi-

143 3084 235 3156 curu!
253 3086 500 3141 Ocellcorrecto
573 3092 606 3139 12
626 3086 1042 3152 lac3cra=6litticxudrcl
1096 3101 1160 3156 pro·

142 3209 326 3279 passioneo
396 3215 429 3264 14
448 3173 638 3264 codron
710 3216 743 3264 rc
763 3175 935 3267 somine
1005 3210 1098 3277 quac

144 3339 176 3388 re
196 3334 306 3391 causa
326 3280 727 3407 sacrch'ssiuseucueur
747 3336 892 3391 660660
929 3334 1002 3389 facie
1025 3337 1107 3389 tenus
1132 3335 1157 3388 a.

141 3422 185 3461 mo
207 3405 284 3460 facto
307 3407 389 3460 tenus
413 3405 438 3460 d.
462 3405 499 3461 Or
589 3407 1159 3476 010166166161066129016010

143 3477 388 3549 ΝΙΙιΙΙΟΜΝΙΙΒΙΙδ
442 3477 552 3531 hisdem
572 3477 636 3531 0060
689 3478 824 3533 0160160
911 3484 944 3531 24
968 3477 1089 3548 100211Ε
1109 3494 1158 3530 001.

142 3629 176 3648 =
188 3587 205 3656 ‘5
215 3604 265 3658 litt.
277 3605 392 3658 deradit?
403 3549 712 3659 pronuntiandi&
773 3608 807 3655 24
817 3601 918 3659 illuto
977 3607 1010 3656 27
1021 3602 1159 3657 ermom
