2664 3886
590 225 737 288 aee-61.
808 269 810 274 .
1122 217 1165 283 95

301 409 360 449 non
392 390 456 448 sine
488 391 617 466 pernicie
648 389 705 449 hoc
737 388 903 465 exemplum
930 388 967 447 dc
993 387 1165 449 Ptolomaeo
1276 415 1283 438 ν

153 481 185 538 in
203 480 411 555 posteritatem
428 496 643 554 processurum,
666 479 808 554 quoniam
826 477 891 536 fieri
908 479 1011 554 possit,
1030 479 1065 536 ut
1082 495 1166 556 reges

154 569 320 627 alienentur
339 587 356 626 a
374 565 431 626 fide
450 585 485 626 ac
502 568 651 627 societate.
689 566 747 626 Sed
765 569 800 626 ut
818 584 934 626 omnem
957 567 1166 626 auctoritatem

155 655 315 716 Clodianae
347 657 511 734 rogationis
540 659 697 730 everteret,
723 673 781 730 per
812 657 960 715 babucum
989 653 1115 728 coquam
1142 658 1168 713 ct

126 749 295 806 remoratos
325 761 428 818 operas
454 747 566 821 inquit,
594 763 652 822 quo
679 745 867 805 manifestius
894 746 935 805 sit
961 743 997 803 de
1024 745 1081 804 hoc
1107 762 1167 803 non

153 835 297 911 populum
333 834 501 893 Romanum
536 834 695 908 iudicasse,
732 833 783 893 scd
819 835 980 893 factionem
1017 833 1167 909 quandam

152 923 345 1000 perditorum.

219 1010 439 1072 moetoris.
1186 1015 1262 1077 ecc.
1323 999 1325 1008 ‘

220 1102 261 1160 Et
292 1101 328 1160 de
359 1102 416 1160 hoc
443 1101 555 1162 dIctum
583 1103 640 1175 ast,
673 1103 725 1177 qui
756 1101 873 1179 legatus
902 1097 1034 1177 Cyprum
1061 1099 1167 1172 fuerat,

114 1209 141 1250 ro
155 1190 302 1266 *quorum
324 1190 554 1267 publicarentur.

221 1278 315 1349 Quae
347 1282 382 1338 et
416 1281 454 1338 in
489 1281 706 1356 tempestate
742 1297 848 1339 saeva
885 1279 1008 1355 quieta
1045 1279 1098 1337 est
1134 1278 1169 1335 et

154 1369 252 1427 lucet
278 1370 315 1426 in
342 1367 510 1429 tenebris.
1096 1410 1097 1414 ,

222 1502 288 1531 ...‚
311 1459 453 1533 quoniam
476 1457 512 1516 de
536 1455 648 1516 Oatone
670 1457 814 1532 loquitur,
838 1453 955 1516 Stoicae
978 1457 1075 1514 sectae
1093 1456 1166 1512 viro.
1224 1478 1228 1494 =

155 1545 238 1606 Dicit
265 1563 334 1624 ergo
357 1539 500 1605 virtutem
522 1546 633 1606 nullius
656 1547 785 1604 iniuriae
807 1545 855 1605 vel
885 1544 1081 1604 contumeliae
1104 1562 1168 1602 sen·

114 1655 140 1695 15
155 1654 220 1694 sum
251 1635 418 1710 admittere,
450 1652 517 1693 cum
544 1637 584 1694 sit
607 1635 644 1694 ab
674 1634 811 1694 omnibns
838 1634 975 1694 fortunae
1002 1631 1168 1691 incursibus

155 1723 257 1783 libera.

222 1810 331 1881 Quasi
366 1830 451 1873 vero
486 1813 552 1871 ille
588 1830 657 1873 non
692 1813 729 1871 in
766 1813 859 1872 alias
896 1828 1034 1887 quoque
1071 1809 1263 1888 legesttl.

155 1903 341 1962 iuraverit.

114 1979 118 1989 ’
301 1990 446 2050 discutere
468 1991 578 2066 voluit,
606 2008 665 2067 qua
693 1991 752 2052 dici
774 1992 904 2066 poterat:
935 1987 1008 2050 adeo
1031 1987 1170 2065 probavit

114 2098 141 2138 eo
155 2081 341 2158 rogationem
379 2079 535 2140 Claudiam
576 2080 611 2139 de
652 2079 737 2140 bonis
778 2079 945 2139 Ptolomaei
979 2077 1167 2155 publicandis

154 2167 193 2226 Μ.
219 2167 306 2243 Cato,
333 2170 369 2227 ut
395 2169 578 2229 consenserit
606 2171 638 2227 iu
664 2169 854 2247 legationem.
900 2167 1094 2245 Temporibus
1118 2166 1167 2226 ob-

155 2260 272 2317 secutus
296 2259 350 2332 est,
373 2276 433 2317 non
456 2258 545 2317 aliter
568 2276 658 2334 quam
681 2259 805 2332 fecerat,
831 2276 899 2317 cum
921 2259 955 2316 in
977 2257 1057 2335 leges
1081 2273 1167 2332 quas·

154 2345 223 2405 dem
254 2349 381 2421 iuraret,
417 2365 494 2422 quae
524 2346 572 2404 illi
604 2346 826 2424 displicuerant.
882 2345 1038 2425 Significat
1068 2347 1169 2404 autem
1255 2393 1257 2397 ,

154 2434 246 2496 Iulias
276 2434 306 2495 0.
332 2433 467 2494 Caesaris
494 2436 587 2514 legas,
616 2437 649 2493 in
677 2454 750 2511 quas
779 2453 846 2494 cum
873 2435 925 2493 diu
952 2436 1169 2510 perseverasset

222 2611 302 2675 itaq.
321 2605 357 2672 cf.
375 2603 428 2658 Dic
448 2603 522 2658 (lass.
541 2603 683 2658 XXXVIII
703 2608 758 2670 'bb
778 2603 851 2658 Plnt.
872 2603 940 2659 Cato
959 2603 1068 2657 XXXII.

222 2764 1169 2836 1loc.2¹‚cm.†wa.tia.†2crn.oclua.lia.†2cm.=29oct
1214 2827 1217 2832 ¹

154 2839 192 2891 22
202 2838 253 2892 litt.
269 2854 341 2904 (ημα
351 2853 392 2891 νει
405 2838 494 2906 suppl.
505 2836 592 2892 Halm
607 2838 728 2892 ἀπὸτοῦ
744 2838 928 2903 ἑκβηεομένου
944 2838 1106 2903 ἐνθύμημαῖ
1251 2835 1258 2847 ’

156 2913 169 2959 1
196 2913 211 2959 2
240 2905 1013 2980 Protomae!acostaalta!Tampaocesseauor
1038 2921 1105 2960 corr.
1128 2905 1154 2957 Z

155 2976 254 3046 (Halm
277 2978 324 3046 ad)
347 2977 508 3032 Ptolemaeo
531 2977 693 3049 posteritati
712 2977 880 3048 processerit
897 2996 924 3033 m
946 2976 1108 3030 Ptolemaeo
1132 2921 1169 3027 ed

155 3048 351 3118 posteritatem
365 3049 447 3119 prodi
461 3049 590 3106 desento
654 3050 822 3132 igregerO
884 3045 1110 3102 tasocietatiG

155 3126 274 3175 dunum
288 3123 312 3176 0
377 3126 392 3173 9
408 3137 471 3174 cum
489 3137 607 3190 regnum
621 3120 813 3191 publrcaretnr
826 3138 853 3175 m
871 3137 926 3188 quo
944 3135 1062 3189 regnum
1077 3116 1170 3187 publi-

155 3194 294 3246 careturc
313 3208 368 3260 quo
400 3193 538 3246 vendente
551 3191 626 3246 bona
639 3189 886 3263 Ptolemaeo>rum
900 3193 957 3246 Leo
1024 3195 1054 3244 11
1076 3191 1104 3243 et
1118 3205 1167 3244 ora.

154 3263 292 3319 coddoic.
343 3268 376 3316 13
431 3264 623 3336 .3cm.-l-1¹f,
635 3281 683 3319 cm.
692 3291 726 3310 =
737 3267 773 3318 12
783 3265 833 3319 zio.
844 3265 934 3330 δόγμα
944 3263 1066 3317 (τωικόν
1080 3261 1168 3330 sappi.

155 3336 242 3390 Halm
324 3339 357 3387 19
381 3335 431 3388 loc.
452 3334 502 3406 5¹),
523 3352 571 3390 cm.
587 3361 620 3381 =
640 3339 675 3389 14
694 3337 746 3391 litt.
765 3337 916 3404 ὑποφοράν
933 3334 1022 3404 coppi.
1037 3333 1125 3387 Halm

155 3405 222 3473 quia
235 3423 279 3461 mo
343 3409 377 3458 20
395 3405 477 3460 cerba
490 3423 509 3460 c
523 3405 642 3460 Claudia
657 3408 735 3476 (sico
751 3406 786 3460 de
804 3423 889 3475 aequa
902 3406 940 3460 ad
953 3405 983 3459 in
997 3403 1169 3473 legationem

155 3478 196 3531 bic
213 3494 263 3533 scr.
281 3477 305 3532 O
346 3473 503 3530 Ptolomaei
519 3478 553 3544 0,
571 3479 603 3531 in
621 3481 779 3546 repetitione
794 3479 934 3533 coborcm
947 3474 1103 3531 Ptolemaei

156 3605 189 3654 23
209 3600 368 3655 coniuraret
383 3601 460 3667 Orno,
478 3616 546 3656 corr.
561 3602 619 3656 Leo
636 3618 694 3656 non
711 3602 817 3656 iuraret
830 3602 863 3658 St
909 3547 1133 3657 orsellcueraNr
