2670 3876
163 189 206 254 28
415 190 455 244 ΙΝ
479 189 642 244 CLODIUM
664 189 710 244 ΕΤ
735 188 933 244 CURIONEM.

167 358 312 416 auxilium
334 359 477 434 petierint
500 360 531 416 et
553 360 628 435 aput
646 359 811 432 sequestres
830 356 952 416 idoneos
970 357 1057 415 illam
1075 355 1184 432 deponi

164 447 322 522 pecuniam
350 447 514 520 voluerint,
546 465 583 505 ne
610 446 827 504 frustrarentur
855 463 890 504 ea
918 463 982 521 spe,
1015 464 1105 520 quam
1132 463 1183 504 reo

164 537 331 611 paciscente
360 536 609 610 praesumserant.
656 534 696 593 at
722 535 776 593 has
800 553 871 612 ergo
899 534 1075 608 sententias,
1108 552 1184 608 quae

164 623 343 684 videbantur
372 622 476 682 Clodio
505 622 621 698 aliquid
647 623 814 682 honestatis
844 622 1013 698 adquirere,
1045 624 1078 680 in
1105 624 1184 683 vitu-

164 713 350 789 perationem
373 714 530 786 convertit,
553 714 588 771 ut
610 730 679 788 pars
702 711 835 771 iudicum
858 711 1008 770 damnarit
1028 713 1184 786 incestum,
1212 729 1225 769 e

164 819 233 876 pars
257 819 327 880 vero
350 803 503 876 privatum
525 802 642 859 lucrum
660 801 866 876 praeposuerit
889 800 1035 878 religioni.
1074 801 1114 859 ut
1135 801 1185 858 hic

165 887 335 948 subest...
355 891 521 965 postulasse
543 889 656 948 iudices
680 889 718 948 ab
739 891 845 949 senatu
862 889 1054 964 praesidium,
1072 907 1132 947 non
1151 891 1185 946 ut

165 979 284 1037 fortiter
307 981 338 1038 et
364 979 457 1037 libere
484 979 665 1052 iudicarent,
693 977 744 1036 sed
771 996 809 1036 ne
835 979 921 1036 illam
948 977 1005 1037 sibi
1028 979 1186 1053 pecuniam

166 1084 233 1125 reus
257 1066 410 1127 absolutus
434 1068 569 1142 eriperet.

68 1145 161 1269 Ἥ·
234 1154 442 1214 Divortium
464 1154 657 1230 pontificis
683 1155 837 1212 maximi.
1200 1171 1227 1212 ro

59 1215 110 1268 XX
162 1216 173 1268 l
234 1243 452 1302 Praetexuntur
489 1245 677 1321 argumenta,
715 1242 822 1317 quibus
853 1244 1000 1301 incestum
1031 1242 1063 1303 P.
1089 1239 1186 1301 clodii

166 1332 300 1406 potuerit
317 1333 460 1391 facillime
478 1331 608 1407 probari,
626 1332 686 1392 nisi
703 1333 830 1406 pecunia
847 1332 1070 1391 intercessisset.
1106 1330 1186 1388 Nam

168 1418 198 1480 0.
214 1418 324 1480 Caesar
346 1421 482 1496 pontifex
504 1419 608 1479 diebus
626 1421 688 1479 illis
706 1420 881 1494 repudiarat
899 1439 1034 1494 uxorem3
1057 1420 1185 1478 feminae

169 1527 299 1584 quoque,
332 1529 408 1584 quae
439 1510 487 1566 illi
519 1508 664 1568 sacrificio
696 1509 909 1583 interfuerant,
946 1509 982 1567 de
1014 1510 1186 1567 interventu

167 1599 250 1657 virili
272 1599 478 1659 testimonium
506 1598 656 1672 dixerant,
683 1599 763 1656 servi
786 1599 891 1671 etiam,
920 1615 987 1656 cum
1013 1599 1187 1672 peterentur
1201 1613 1228 1654 15

167 1688 200 1744 in
224 1689 437 1761 quaestionem,
461 1687 586 1746 alienati
608 1687 728 1745 fuerant
751 1688 836 1746 etin
859 1686 992 1745 diversas
1015 1687 1185 1761 provincias

168 1774 205 1833 ab
229 1775 349 1834 domino
372 1776 469 1834 missi:
498 1777 629 1850 quinque
652 1776 764 1834 etenim
787 1776 878 1848 servi,
905 1776 938 1832 in
962 1792 1035 1849 quos
1058 1775 1187 1833 maxime

168 1865 298 1939 suspicio
322 1862 517 1943 congruebat,
545 1864 658 1940 partim
680 1863 765 1921 missi
788 1866 859 1922 sunt
881 1862 920 1922 ad
941 1861 1076 1939 Appium
1099 1861 1186 1922 Glau-

168 1952 264 2028 dium,
302 1954 353 2028 qui
389 1953 484 2011 frater
520 1951 652 2011 eiusdem
688 1952 787 2010 fuerat
823 1954 854 2011 et
889 1953 922 2009 in
959 1951 1084 2011 Graecia
1115 1955 1187 2010 tunc

169 2039 290 2118 agebat,
322 2042 434 2117 partim
461 2039 500 2100 ad
526 2041 650 2099 vilicum
673 2039 838 2118 Diogenem
865 2042 994 2114 nomine,
1028 2043 1079 2116 qui
1101 2043 1229 2100 transm

168 2128 255 2204 Alpis
288 2129 469 2188 morabatur.
519 2129 582 2188 Nec
609 2148 669 2188 non
702 2131 793 2187 etiam
824 2130 951 2188 ancillae
978 2131 1011 2186 in
1037 2131 1187 2188 tormenta

170 2220 240 2276 sunt
269 2219 451 2292 postulatae,
480 2237 555 2292 quae
583 2219 736 2293 propiores
764 2219 931 2277 ministerio
959 2218 1079 2277 fuerant
1101 2218 1186 2276 Pom-

169 2307 267 2381 peiae,
296 2308 396 2366 uxoris
425 2305 568 2366 Caesaris.
624 2304 756 2373 Quarum
790 2306 850 2365 fuit
882 2326 898 2365 e
929 2325 1052 2366 numero
1084 2306 1190 2366 Habra

171 2394 317 2469 quaedam
344 2396 476 2468 nomine,
504 2396 588 2453 cuius
614 2395 648 2452 in
671 2395 777 2454 cellam
808 2395 841 2452 P.
870 2393 991 2454 Clodius
1020 2396 1188 2473 confugisse

171 2481 360 2560 arguebatur.
397 2483 442 2542 De
465 2486 589 2559 stupro
614 2486 715 2541 autem
738 2485 917 2543 scelerato
942 2484 1022 2558 quod
1040 2485 1093 2558 ait,
1111 2482 1228 2542 illudas

170 2571 290 2631 videtur
311 2573 458 2631 incestum
486 2570 667 2650 significare,
695 2573 778 2631 cuius
805 2573 932 2631 infamia
955 2574 1035 2631 circa
1058 2590 1188 2632 sororem

172 2658 308 2719 (llodiam
330 2659 570 2738 pervolgabatur.

63 2739 190 2896 Fremd
217 2747 417 2895 sQuattuor
448 2749 518 2807 tibi
550 2750 755 2808 sententias
788 2749 884 2808 solas
917 2750 960 2808 ad
991 2751 1189 2824 perniciem

195 2856 339 2897 eu1sse.

237 2927 282 2984 Ne
302 2945 392 3001 quam
410 2925 519 2986 habeat
539 2925 660 2994 Clodius
679 2926 833 2986 absolutus
851 2928 1039 2986 innocentiae
1058 2927 1187 3004 dignita·
1202 2942 1230 2982 so

170 3017 240 3089 tem,
272 3016 355 3074 facta
387 3017 608 3090 comparatione
638 3017 755 3074 numeri
785 3015 916 3074 ostendit
944 3035 1037 3092 prope
1065 3015 1189 3075 eandem

170 3106 339 3179 portionem
367 3105 471 3179 fuisse,
495 3124 571 3180 quae
594 3105 745 3162 damnarit
767 3106 927 3178 incestum,
957 3121 1011 3162 nec
1037 3105 1086 3162 illi
1112 3106 1189 3162 inte·

238 3278 254 3325 ὁ
265 3272 421 3326 incaestum
432 3275 456 3328 0
508 3280 523 3326 7
534 3273 703 3343 ΖΜΝ-373
711 3290 799 3328 om.=
811 3273 1153 3341 13litt.ucpaup0co0xlue

172 3348 204 3395 11
231 3344 432 3414 ΙΝίὰθὸΤιΙἾ
506 3351 539 3397 12
562 3345 695 3413 potuerat
713 3344 745 3398 st
818 3350 850 3396 19
874 3344 1000 3398 eiusdem
1021 3345 1056 3398 de
1077 3343 1190 3399 Ocius·

172 3414 237 3466 dem
252 3413 282 3466 P.
301 3430 345 3468 mo
426 3421 458 3469 22
477 3415 679 3483 proprioresO
758 3420 792 3468 23
815 3414 921 3469 Hibera
941 3416 1019 3482 Coro,
1038 3431 1105 3470 corr.
1121 3416 1189 3468 Nie-

172 3485 597 3540 eaarcouuuaraecaax.
663 3484 840 3540 auelodiac
901 3475 1130 3543 acaesouttt

173 3555 407 3609 32incaestnm0
453 3571 488 3608 ne
509 3557 574 3610 Mai
592 3556 690 3612 Schelle
