2676 3876
163 187 227 278 1b36
543 185 614 240 PRO
637 183 793 239 PLANCIO

228 355 324 415 Paulo
351 374 441 431 supra
467 354 585 414 locutus
613 372 680 413 sum
706 353 782 412 nihil
810 353 938 413 obtineri
964 355 1097 430 potuisse
1123 372 1176 429 per

163 443 194 503 Ο.
211 443 375 518 Gaesarem,
398 462 465 503 cum
488 443 656 520 publicanis
679 446 754 519 aput
776 445 912 504 senatum
930 443 1176 518 patrocinaretur,

162 533 384 594 contradicente
416 533 531 592 scilicet
561 531 600 590 M.
626 531 746 592 Catone.
796 531 908 590 Verum
939 534 1043 608 postea
1074 530 1176 590 consul

161 624 241 683 idem
269 620 300 681 0.
325 620 433 682 caesar
465 624 562 700 legem
593 622 666 681 tulit
697 622 737 680 ad
766 621 994 697 publicanorum
1023 619 1177 678 commoda

161 714 373 789 pertinentem,
405 713 455 770 cui
485 712 588 770 favore
616 712 839 787 promptissimo
868 707 919 768 On.
942 709 1059 768 Plancii
1092 711 1177 784 pater
1205 726 1219 766 s

161 803 225 862 sine
248 801 342 887 dubio¹
361 801 493 875 adstitit,
522 802 666 876 quoniam
691 817 738 858 res
765 800 907 858 utilitatis
930 817 1001 858 suae
1024 797 1176 876 agebatur.

160 891 226 950 Hoc
249 909 329 968 ergo,
352 889 499 966 quidquid
517 891 595 950 esset
616 889 861 965 reprehensionis,
958 889 1128 946 removetur
1144 887 1177 944 in

161 982 261 1057 ipsum
285 976 442 1038 Gaesarem
464 978 539 1057 legis
563 980 716 1037 auctorem
738 978 879 1053 perlatae.

67 1074 143 1135 §36-
229 1068 352 1143 Neque
375 1069 468 1126 enim
496 1068 687 1142 quicquam
714 1067 814 1125 aliud
840 1068 876 1124 in
899 1067 964 1124 hac
986 1066 1078 1142 lege,
1106 1065 1177 1124 nisi

165 1157 335 1216 editicios
358 1155 497 1214 iudices
521 1157 664 1214 secutus
688 1172 730 1214 es.
1191 1171 1220 1211 ro

303 1244 352 1303 Ad
382 1263 431 1318 ea,
458 1262 535 1320 quac
562 1246 632 1304 sunt
658 1243 832 1316 necessaria,
855 1242 1000 1302 conclusis
1028 1241 1176 1319 prioribus

161 1335 273 1393 transit
299 1336 330 1393 et
356 1333 489 1410 potuisse
510 1333 701 1393 Laterensem
724 1332 759 1391 de
787 1331 902 1390 ambitu
925 1347 1063 1392 accusare
1086 1331 1176 1410 signi-

161 1422 245 1497 ficat,
272 1423 332 1483 nisi
358 1423 513 1482 maluisset
534 1423 645 1482 idcirco
667 1439 752 1481 reum
778 1421 844 1499 lege
866 1420 983 1480 Licinia
1005 1421 1115 1495 facere,
1142 1421 1178 1478 ut

162 1512 286 1572 haberet
312 1513 424 1571 iudices
452 1512 601 1586 editicios,
629 1511 664 1570 de
688 1513 771 1570 cuius
794 1511 908 1569 formae
931 1510 1093 1569 acerbitate
1116 1510 1178 1568 iam

163 1620 264 1662 sumus
294 1603 328 1660 in
360 1603 535 1680 argumento
567 1601 741 1677 praelocuti.
796 1599 972 1658 Diffidentia
1003 1600 1098 1677 igitur
1130 1616 1175 1656 ac·
1192 1617 1220 1656 15

163 1692 307 1752 cusatoris
340 1690 507 1750 ostenditur
538 1690 604 1749 ideo
637 1689 806 1749 invadentis
838 1690 870 1746 in
897 1688 993 1767 legem
1020 1687 1177 1761 Liciniam,

163 1780 243 1857 quod
269 1779 400 1838 ambitus
426 1779 547 1856 probari
573 1798 633 1838 non
660 1779 763 1855 possit,
795 1777 831 1836 de
854 1793 913 1852 quo
935 1777 1047 1836 iudices
1075 1795 1110 1835 ex
1132 1793 1177 1835 re-

79 1937 81 1942 ,
161 1871 289 1929 tectione
308 1868 412 1927 haberi
430 1869 557 1927 soleant:
582 1867 736 1943 aequalem
754 1867 867 1926 scilicet
880 1884 1036 1925 numerum
1054 1865 1176 1924 reicien-

162 1957 242 2017 tibus
265 1960 331 2016 tam
354 1959 523 2017 accusatore
546 1975 637 2032 quam
659 1975 718 2015 reo.
755 1955 867 2014 Verum
885 1957 986 2030 specta
1004 1955 1177 2032 diligentius

163 2065 281 2106 omnem
318 2046 489 2105 contentum
524 2044 612 2104 huius
651 2089 728 2119 ...,
764 2046 799 2104 ut
834 2045 990 2122 intellegas
1027 2047 1176 2104 oratorem
1190 2062 1218 2102 so

162 2152 281 2193 movere
309 2135 437 2210 speciem
467 2133 680 2209 quandam
703 2135 736 2193 in
765 2133 887 2192 modum
916 2134 1177 2209 praescriptivum:

162 2224 244 2282 facta
279 2224 398 2282 senatus
433 2223 561 2282 consulti
596 2224 760 2297 mentione,
797 2223 849 2298 qui
885 2223 1046 2282 secundum
1081 2222 1178 2300 legem

162 2311 310 2370 Liciniam
338 2313 481 2387 quattuor
503 2311 552 2369 edi
577 2311 673 2374 tribus
706 2311 743 2371 ab
775 2313 946 2370 accusatore
968 2312 1111 2385 voluerit,
1144 2329 1178 2370 ex

163 2399 270 2476 quibus
293 2419 343 2459 reo
371 2400 475 2459 liceret
501 2419 593 2458 unam
614 2400 784 2477 repudiare,
816 2402 851 2459 ut
878 2400 914 2458 de
936 2400 1031 2459 tribus
1054 2401 1177 2476 reliquis

163 2489 295 2550 iudicum
316 2489 440 2548 haberet
462 2488 635 2566 editionem,
662 2492 763 2549 tamen
791 2489 828 2548 ab
856 2492 1026 2550 accusatore
1049 2491 1092 2549 sic
1113 2488 1178 2548 fieri
1192 2506 1219 2546 aa

232 2648 245 2696 1
267 2646 327 2708 133,
342 2646 423 2710 Scap.

184 2721 187 2726 '
214 2719 246 2768 15
267 2717 439 2782 126,28sqq.

230 2860 246 2908 3
269 2854 590 2910 scillcetcontact·
659 2860 675 2909 ὅ
693 2853 914 2924 proptissimoO
966 2860 980 2906 ‘l
1001 2856 1050 2909 lac.
1064 2855 1115 2926 5⁸,
1128 2871 1176 2909 cra.

162 2928 365 2982 =15littaord
376 2926 648 2995 perdomassem]
670 2928 741 2981 κατὰ
751 2929 929 2993 perderetur?
966 2926 1081 2980 sanct
1113 2924 1175 2998 Re’l

165 2997 376 3053 ΚΘΡΕΚῑὰΤὰΕ
391 2999 534 3050 auctorem
547 3013 637 3066 nuper
645 2944 726 3051 latae
739 3015 791 3064 mo,
809 3014 876 3052 corr.
887 2997 921 3051 St
987 3003 1002 3050 9
1017 2997 1090 3051 aluit
1104 2998 1128 3052 0
1152 3055 1158 3061 ,

164 3074 198 3123 10
217 3085 246 3124 es
266 3069 377 3123 secutus
396 3069 471 3123 codd.
484 3069 537 3123 (lic.
613 3073 644 3122 11
665 3068 1176 3139 ac.5oa.÷uu.1iu.÷4¹s,oa

164 3141 368 3194 =431itauez
385 3157 433 3194 aa.
450 3140 498 3193 lia.
510 3140 543 3208 -l-
557 3139 609 3210 474
625 3157 673 3194 cm.
684 3165 718 3185 =
731 3145 769 3194 29
788 3142 839 3194 litt.
863 3142 918 3195 ’ἀπὸ
942 3146 1001 3194 τῶν
1024 3142 1115 3207 ἔργων
1133 3143 1179 3192 καὶ

164 3213 219 3265 ἀπὸ
254 3215 284 3264 “c
297 3210 414 3265 adcreuit
427 3216 478 3265 τοῦ
494 3210 652 3266 ἀντιδίκουῖ
722 3217 754 3265 14
768 3210 859 3265 forma
874 3212 904 3278 O,
918 3227 985 3266 corr.
996 3211 1121 3266 Niebuhr

165 3286 199 3333 15
218 3280 245 3333 d'
270 3281 379 3334 orantia
392 3282 465 3347 omo,
479 3297 546 3335 corr.
560 3281 598 3336 Or
662 3286 695 3334 17
708 3282 867 3350 probaret]
929 3287 960 3337 19
975 3281 1107 3336 licentius
1122 3282 1179 3347 Gm,

164 3367 231 3406 corr.
246 3350 373 3405 Niebuhr
452 3356 487 3405 20
511 3352 1143 3421 ac.5÷1cm.=14litr.cutuoucpocr

164 3422 303 3475 oratorem
316 3437 392 3474 more
403 3423 426 3478 O
438 3423 560 3476 oratorio
574 3439 651 3477 more
664 3440 707 3478 mo
722 3426 861 3478 oratorem
874 3441 951 3479 more
963 3424 1056 3497 (sno)
1066 3425 1108 3494 Zp

165 3497 198 3546 21
218 3493 267 3546 luc.
283 3492 348 3560 3-1-
363 3492 413 3563 37,
433 3510 481 3547 cm.
497 3519 530 3539 =
550 3499 586 3547 15
605 3496 655 3549 litt.
676 3497 877 3563 perditurae?
931 3551 935 3560 ,
955 3495 1178 3549 armentionem

166 3563 189 3618 0
241 3578 313 3630 quac
333 3562 427 3630 Oquo
445 3582 484 3629 m,
503 3582 569 3618 corr.
587 3566 709 3619 Wunder
790 3572 823 3620 25
849 3565 914 3639 tuot
