2670 3876
547 189 759 244 PRAEFATIO.
1112 190 1163 245 vn

146 350 299 438 Halmio²)
327 359 425 417 editae
457 359 641 418 coniecturas
672 360 793 417 tantum
820 357 994 416 attulerunt.
1049 359 1162 418 Deinde

146 447 298 525 Zieglerus
326 447 425 507 codice
452 447 562 507 relecto
589 450 621 506 in
648 447 751 506 Museo
778 439 953 523 Rhenano²l
982 450 1013 506 et
1039 450 1072 506 in
1094 467 1163 523 pro-

147 539 312 614 grammate
351 537 502 614 gymnasii
533 528 782 617 Maximih'aneii)
820 535 883 594 Mai
914 539 1030 594 textum
1059 537 1162 597 multis

145 624 219 685 locis
242 625 369 684 correxit
391 625 627 701 emendavitque.
659 624 696 682 In
719 624 848 683 Hermae
867 625 1017 684 volumine
1032 619 1161 708 xxxii)

146 714 256 791 viginti
272 717 415 790 quattuor
430 714 517 773 annis
534 717 612 790 post,
636 733 712 789 quae
731 713 830 772 codice
848 713 1047 773 Ambrosiano
1065 714 1162 776 denuo

146 803 278 878 inspecto
301 805 464 880 invenerat,
488 822 554 862 oum
579 802 620 862 eis
640 803 801 877 coniunxit,
825 821 902 878 quae
920 804 984 878 ipsc
1003 803 1162 878 scripserat

145 893 177 950 et
207 910 283 966 quae
312 893 434 951 interim
462 891 616 968 publicata
646 894 732 950 erant
763 890 821 966 ita,
853 894 887 950 ut
916 894 1163 951 commentarium

145 981 283 1039 osiacum
310 983 483 1040 continuum
506 980 669 1040 conficeret.
714 980 833 1039 Interea
857 979 1046 1058 Stanglius
1070 983 1161 1040 ctiam

145 1071 209 1144 ipse
236 1069 374 1145 partibus
402 1069 609 1129 Ambrosianis
637 1070 755 1129 collatis
783 1087 820 1128 ea
850 1088 927 1144 quae
959 1070 1007 1128 vel
1035 1070 1161 1148 legendo

146 1160 306 1218 correxisse
329 1159 377 1218 vel
401 1159 583 1219 emendando
606 1159 807 1218 enucleavisse
830 1159 887 1218 sibi
909 1158 1068 1219 videbatur
1090 1159 1161 1219 duo-

146 1246 200 1306 bus
237 1247 310 1307 locis
351 1239 553 1328 explicanti)
620 1247 779 1306 Praeterea
826 1241 1085 1330 Geumitziusi)
1132 1253 1162 1308 et

148 1329 421 1418 schillingiusl)
446 1340 477 1398 et
499 1328 587 1418 ego⁸)
611 1336 723 1396 scholia
745 1338 791 1395 ita
808 1337 1012 1412 tractavimus,
1035 1340 1070 1397 ut
1093 1338 1161 1397 aliis

146 1425 369 1500 quaestionibus
398 1427 436 1485 ad
459 1426 703 1486 commentarium
726 1426 943 1500 pertinentibus
967 1445 1087 1502 operam
1110 1427 1161 1485 da-

146 1532 253 1588 remus,
275 1517 390 1573 textum
412 1517 511 1591 ipsum
533 1533 629 1590 paene
648 1515 878 1592 neglegeremus.
909 1515 1041 1589 Aliquod
1061 1518 1161 1574 autom

146 1601 349 1662 adiumentum
364 1604 402 1662 ad
415 1606 543 1663 formam
556 1604 666 1664 codicis
684 1605 913 1678 litterarumque
928 1603 1161 1681 cognoscendam

150 1690 295 1750 dederunt
312 1692 411 1751 Bond
426 1697 456 1752 et
470 1693 673 1768 Thompson
691 1691 795 1751 tabula
813 1692 1052 1769 photographica
1065 1693 1162 1767 publi·

145 1948 211 1986 rone
231 1971 236 1986 .
253 1973 258 1986 .
276 1974 281 1985 .
301 1950 362 1987 cnrn
384 1934 467 1988 lanias
489 1935 616 2005 intuearis,
639 1951 700 1988 carn
718 1935 889 2002 superior-arn
908 1934 1041 1988 editornrn
1059 1934 1162 1988 selectis

147 2008 173 2056 ct
190 2019 250 2056 carn
267 2003 326 2058 snis
344 2005 570 2060 annotationibus
589 2012 646 2059 tam
664 2005 849 2058 emendatiora
868 2011 925 2059 tarn
939 2007 1067 2060 auctiora
1084 2022 1162 2074 sepa·

147 2073 231 2127 ratim
249 2074 335 2129 edidit
353 2075 469 2131 Carolus
487 2075 577 2130 Beier.
614 2076 682 2130 Oarn
699 2075 890 2144 speciminibus
912 2076 1034 2130 codicnrn
1052 2083 1078 2131 et
1095 2079 1162 2130 Arn-

149 2144 339 2200 brosianoram
352 2153 378 2201 et
395 2147 573 2202 Yanrincnsis
587 2147 773 2218 lithoyraplns.
802 2147 917 2214 Lipsiae
928 2147 1125 2203 MDOCOXX
1131 2148 1160 2202 V.

219 2217 246 2284 1)
266 2218 308 2271 Μ.
338 2218 425 2272 Tullii
455 2219 591 2274 Ciceronis
623 2221 759 2274 orationes
786 2219 957 2287 sereniorem
985 2220 1162 2287 interpretum

146 2289 346 2342 commentariis
368 2289 477 2358 annone
500 2290 725 2344 adnotationibus
748 2289 908 2358 monnarii
932 2290 1047 2344 Carolus
1065 2289 1161 2346 Halm.

152 2358 244 2413 Voss.
278 2359 304 2413 I.
317 2359 412 2415 Oratio
426 2377 481 2429 pro
501 2360 586 2415 Sulla.
623 2362 665 2415 II.
679 2361 774 2415 Oratio
789 2377 842 2428 pro
861 2359 954 2415 Sestio.
992 2361 1051 2415 ΙΙΙ.
1071 2361 1109 2415 In
1128 2361 1161 2415 P.

153 2429 295 2484 Vatinium
314 2437 404 2485 testera
422 2432 608 2502 interroyatio.
645 2432 761 2499 Iripsiae
780 2430 1009 2487 MDOOOXLV.

218 2502 244 2568 2)
264 2502 437 2557 maneae
456 2504 585 2557 Massam
603 2503 641 2557 N.
652 2503 687 2556 F.
700 2503 827 2557 XXVII
842 2505 951 2570 (1872),
970 2503 1063 2568 ttoff.

218 2576 244 2640 3)
263 2573 393 2643 Beitritye
414 2591 466 2629 ster
486 2575 637 2630 Teatlrritilr
660 2574 706 2628 des
727 2573 880 2630 Scholiasta
899 2574 1045 2629 Rodiensis
1062 2589 1098 2628 an
1118 2574 1161 2628 Oi-

145 2643 317 2768 fflrmhm
335 2645 437 2700 Reden.
468 2645 631 2716 Proarararn
649 2646 695 2700 des
714 2645 751 2699 K.
768 2645 1161 2716 Maximrliansyyrnnasinnes.

191 2719 203 2730 “’
268 2733 289 2769 n
308 2719 388 2770 1873.

217 2785 244 2854 4)
265 2787 376 2840 Hennes
394 2787 508 2841 XXXI
523 2789 622 2853 (isse)
642 2788 722 2853 roffi,
740 2788 835 2853 nsffi

218 2859 245 2925 t)
264 2856 439 2913 Rheinisclres
454 2857 583 2912 Masenrn
597 2859 635 2912 N.
647 2858 681 2911 1⁴¹.
697 2858 839 2912 XXXIX
849 2861 946 2926 (1884)
961 2858 1060 2924 231ff.‚
1070 2859 1161 2924 essff.

145 2926 304 2982 Bobiensia.
341 2932 417 2983 Nene
436 2930 566 2999 Beitrdqe
583 2946 634 2984 nn
656 2929 806 2984 Teatkritilt
825 2929 884 2982 irad
901 2928 1020 2997 Spraclrc
1039 2929 1086 2984 der
1104 2930 1162 2984 Bo-

146 2998 487 3123 labernwiceroscdolien.
525 3003 688 3071 Proararnrn
706 3001 753 3054 des
772 3001 809 3054 K.
829 3000 1160 3070 Dnitpoldyymnasinms.

183 3075 237 3123 nnc
307 3075 386 3125 1894.

165 3213 203 3264 88
218 3143 245 3210 6)
263 3141 425 3212 Proqramm
453 3143 499 3197 des
532 3142 747 3196 Vitztltnrnsclten
777 3141 981 3213 Gymnasinrns.
1036 3141 1162 3197 Dresden

219 3285 244 3352 t)
264 3284 307 3338 De
328 3285 438 3339 scholiis
460 3285 650 3340 Rodiensibus.
692 3285 858 3340 Dissertatio
885 3285 1064 3356 inanynralss
1091 3285 1162 3353 Lip-

145 3354 250 3408 aenan.
269 3355 413 3437 ''Drndae
432 3355 663 3438 MDcooxcln
702 3357 791 3421 (Inest
812 3358 894 3411 etiarn
912 3358 944 3411 in
957 3363 1162 3427 prcarammate

144 3426 785 3564 wmddmldelddnltd'iismglcmcioddddidddddtns.
805 3498 971 3552 Dissertatio
985 3497 1163 3565 inanauralis

148 3565 341 3637 Gottinqensrs.
378 3569 479 3624 Berlin
497 3571 578 3623 1894.
