2664 3886
590 247 606 308 i
625 247 720 296 5-15-
1115 241 1157 304 85

145 409 333 469 mandatione
356 410 473 486 puerili,
496 429 556 487 qna
578 411 607 469 ei
628 411 737 470 bonam
756 428 839 486 spem
857 409 893 468 de
911 409 1033 486 pietatis
1052 408 1158 469 officiis

146 500 324 575 auspicetur.
361 495 417 559 Καὶ
440 495 518 574 μετὰ
536 491 712 559 *exercetur
731 499 888 558 denuntiat
906 499 1001 558 inesse
1019 498 1065 556 illi
1083 499 1159 557 talia

145 587 266 647 virtutis
293 588 436 667 insignia,
467 589 503 647 nt
529 590 625 665 possit
650 590 751 648 reatus
778 588 896 664 paterni
919 589 1000 647 ultor
1026 587 1159 646 existere.

213 674 279 745 Qui
311 677 480 736 extremis
512 677 637 737 diebus
665 678 875 737 consulatus
908 679 976 736 mei
1002 695 1058 736 res
1086 681 1256 752 eas,§11.

120 783 234 842 aquas
258 755 453 844 gesseram,
475 785 605 825 vexare
628 765 830 842 cupiebant.

214 853 359 914 Tribunos
378 855 418 931 pl.
435 854 468 913 L.
482 855 616 914 Bestiam
635 857 665 914 et
684 854 716 924 Q.
731 855 885 914 Metellum
902 854 1050 930 Nepotem
1068 855 1161 932 signi-

146 941 224 1019 fieat,
248 946 351 1003 contra
370 962 442 1020 quos
461 944 509 1002 illi
528 944 564 1002 de
582 943 669 1003 rebus
689 945 860 1004 consulatus
875 945 922 1004 sui
939 944 1044 1003 habita
1063 942 1161 1002 decer-

146 1034 223 1092 tatio
246 1035 299 1092 est.

214 1119 306 1190 Quos
352 1121 518 1181 stimulos
565 1121 766 1182 admoverit
814 1120 951 1182 homini
996 1120 1256 1187 studiosoelr.

107 1229 133 1270 ιο
147 1211 305 1270 fortasse
328 1210 514 1272 victoriae.

212 1299 411 1359 Notissimum
447 1303 493 1359 est
528 1300 560 1359 in
595 1300 729 1360 historiis
764 1297 794 1358 O.
818 1299 984 1360 Antonium
1020 1298 1161 1358 exercitui

146 1389 359 1464 praepositum,
382 1391 435 1465 qui
453 1391 557 1448 contra
571 1387 732 1448 Catilinam
751 1388 915 1448 duceretur.
952 1389 993 1447 Et
1011 1389 1162 1467 eleganter

146 1478 195 1536 hic
223 1496 308 1536 omne
331 1477 474 1537 victoriae
501 1479 641 1536 meritum
663 1477 781 1537 derivat
809 1478 841 1536 in
863 1476 895 1535 P.
920 1476 1050 1536 Sestium
1072 1495 1162 1552 quae-

147 1569 266 1642 storem,
288 1566 382 1642 quasi'
393 1567 456 1626 eius
479 1566 672 1626 incitamento
691 1567 805 1626 iactum
822 1568 876 1640 sit,
898 1567 934 1625 ut
951 1565 1099 1625 Antonius

106 1674 133 1716 ra
146 1657 290 1731 parceret,
312 1655 446 1715 subdidit
468 1651 547 1729 μετὰ
569 1651 731 1716 solerter:
758 1656 869 1714 bomini
889 1653 1016 1714 dodbso
1038 1655 1162 1728 fortusse

147 1745 283 1803 victoriae
287 1765 299 1816 ;
311 1763 382 1804 nam
394 1745 518 1818 fortusse
525 1744 728 1804 dubitativum
737 1746 790 1803 est.
813 1745 863 1803 Ita
871 1746 902 1802 et
913 1742 1036 1803 dicando
1050 1743 1161 1804 studio·

148 1851 214 1893 sum
232 1832 374 1894 victoriae
393 1833 557 1894 Antonium
576 1833 709 1910 pepercit
727 1835 757 1892 et
775 1832 938 1892 dubitando
956 1831 1107 1892 laceravit.

216 1920 253 1980 Si
274 1921 314 1980 M.
333 1921 463 1982 Petrei.

214 2009 273 2070 Hic
305 2009 407 2070 eodem
435 2011 514 2070 bello
542 2010 655 2072 Antoni
686 2013 803 2091 legatus
836 2011 902 2070 luit.
954 2008 1047 2079 Quem
1077 2028 1162 2086 prae-

107 2099 271 2159 remiserat
293 2118 360 2159 cum
383 2102 513 2160 exercitu
537 2100 575 2160 ad
597 2100 741 2159 edendam
759 2099 990 2174 dimicationem,
1013 2099 1162 2175 cumipse

148 2188 251 2248 consul
282 2189 429 2248 retardari
460 2189 569 2266 pedum
601 2190 771 2249 valetudine
803 2189 962 2265 videretur,
998 2208 1030 2247 re
1062 2191 1162 2248 autem

148 2296 219 2336 vera
241 2277 376 2338 hostibus
400 2278 540 2357 congredi
561 2279 663 2338 nollet.

217 2365 324 2425 (iuius
357 2385 419 2445 ego
451 2387 563 2444 nuper
594 2368 630 2426 in
652 2367 862 2426 Macedonia
889 2366 964 2426 vidi
992 2366 1159 2444 vestigia.
1179 2363 1194 2425 ἓ
1215 2365 1256 2414 13.

216 2455 260 2516 Eo
283 2457 416 2531 tempore
443 2456 570 2532 scilicet,
598 2475 657 2532 quo
685 2457 753 2514 exul
776 2456 1003 2516 Thessalonicae
1030 2455 1162 2515 demora-

108 2561 135 2602 rs
149 2545 198 2602 tus
221 2547 274 2604 est

215 2633 256 2692 In
288 2651 354 2709 quo
387 2633 593 2712 colligendo
626 2651 664 2692 ae
691 2632 894 2692 reficienda
926 2633 1044 2692 salute
1072 2651 1162 2691 eom·
1182 2632 1197 2693 i
1217 2631 1257 2680 15.

148 2742 253 2780 mum.

218 2865 480 2932 mmmmm

218 3004 232 3050 1
253 3015 325 3066 quae
343 2999 373 3052 in
391 2998 482 3052 bonae
498 3000 527 3066 0,
546 3014 614 3054 corr.
625 3000 682 3053 Leo
701 3013 773 3066 quae
791 2998 821 3051 in
836 2997 912 3070 (eo)
930 2998 1034 3051 bonam
1051 3013 1094 3052 mc

150 3075 165 3122 2
186 3070 321 3124 ἀτειδείαε
337 3071 410 3136 Omo,
428 3077 581 3125 acoemeto
599 3071 685 3125 eorl]
701 3069 793 3124 ἀδείας
808 3070 895 3124 Helm
913 3071 1027 3136 ἀπειλὴ(
1040 3069 1097 3122 Leo
1121 3138 1127 3150 .

149 3140 305 3208 4qnitnm
319 3141 462 3197 coddoic.
517 3142 685 3224 fleantraO
738 3141 918 3223 13UhooOmo
977 3146 1010 3193 14
1024 3140 1163 3222 Antomus

149 3209 1164 3355 stlttttt‘ttulttttettttstrisitate

149 3355 191 3424 Zp
209 3356 242 3408 nt
254 3354 394 3408 Antonius
407 3354 572 3426 <decertare
586 3354 730 3477 perarate,
749 3357 778 3409 et
792 3353 919 3408 subdidit
933 3355 1043 3409 Krousa
1060 3356 1092 3408 ut
1106 3354 1163 3405 An-

148 3425 243 3480 tonius
253 3425 389 3496 <pararet
398 3425 549 3480 decertare.
564 3425 668 3480 Verum
677 3443 695 3478 u
721 3425 801 3478 illum
812 3425 1013 3495 perstringeret
1024 3423 1163 3491 simulque

150 3495 199 3569 ei>
213 3500 350 3566 parceret,
366 3496 510 3552 subdidit?
579 3503 612 3550 15
627 3497 792 3564 ἀμφιβολία(
806 3497 893 3552 Helm
962 3503 994 3551 17
1010 3494 1162 3551 debitando

150 3621 175 3675 G
230 3626 262 3674 18
278 3570 440 3677 ΒΙΕΜΡΕΚΕΙ
457 3619 596 3675 adiutorei
609 3636 661 3689 mo,
675 3621 873 3693 corr.Madoa'9
931 3627 965 3676 20
980 3618 1166 3675 exarcitan
