2670 3876
521 182 587 236 nin.
607 182 620 235 1
643 188 658 249 s
678 187 791 238 ee-ee.
1143 184 1164 247 5

221 350 364 424 Vereor,
391 370 433 410 ne
460 351 546 412 hoec
573 352 667 412 forte
696 353 852 428 cuipiam
879 353 986 412 nimis
1015 354 1166 428 entique
1185 357 1200 418 §
1220 356 1261 407 56.

154 442 190 498 et
211 440 282 498 inm
305 439 470 500 obsoleta
492 442 693 500 videantur,

220 528 305 604 Aput
331 529 495 589 ineruditos
523 529 635 591 iudices
659 530 793 606 exemplu
811 530 848 589 de
877 533 1025 590 vetustate
1047 531 1166 606 prolate

154 618 252 676 minus
271 615 420 677 efficaciae
438 618 558 694 hebent,
577 621 718 695 quonium
736 618 831 678 videri
849 622 974 695 possunt
993 619 1030 678 ab
1049 624 1166 680 oretore

127 705 292 785 ecoufingi
341 707 407 768 Hoc
435 709 526 767 etiem
552 708 766 768 Demosthenes
794 703 874 767 κατὰ
897 703 1166 782 Ἀριετογείτονο(

154 797 187 854 in
209 796 333 856 consilio
361 795 472 856 hebens
495 799 540 856 ite
562 796 652 856 dixit:
679 793 730 856 καὶ
752 792 782 856 τί
805 796 854 856 δεῖ
877 792 982 868 λέγειν
1004 793 1077 872 περὶ
1099 797 1166 857 τῶν

155 883 314 956 παλαιῶν,
347 879 430 946 ἀλλὰ
453 883 529 946 τοὺ(
552 880 605 961 ἐφ’
627 881 718 960 ὑμῶν
746 880 854 945 αὐτῶν
880 879 1109 957 &velocitates
1136 889 1166 946 et

154 974 278 1049 relique.

222 1062 254 1120 P.
278 1063 466 1124 Servilius.

115 1171 141 1211 no
223 1150 345 1230 Collega
374 1153 435 1212 fuit
465 1155 497 1212 in
529 1155 685 1214 consulatu
711 1153 811 1230 Appio
841 1152 965 1214 Claudio
996 1153 1166 1228 bellumque

155 1242 365 1319 gravissimum
382 1243 414 1300 in
435 1241 540 1303 cilicia
558 1245 664 1321 gessit3
686 1244 766 1301 inter
783 1245 881 1304 cetere
899 1245 990 1302 etiem
1008 1242 1167 1303 Phaselide

155 1332 186 1388 et
214 1327 375 1407 Olympum
407 1331 546 1407 subiecit;
578 1332 656 1391 unde
683 1332 769 1392 rebus
797 1332 870 1392 bene
898 1334 989 1410 gestis
1017 1331 1165 1392 Isauricus

156 1421 381 1498 cognominatus
405 1423 458 1482 est.

221 1508 302 1567 Vidi
325 1510 513 1570 conlucere
536 1512 654 1570 omnia
676 1510 787 1568 furtis
811 1511 892 1570 tuis.
1185 1513 1200 1573 i
1219 1511 1261 1561 58.

115 1616 141 1658 re
222 1597 398 1657 Vehementi
424 1595 687 1678 uupurtpotdortqt
713 1595 765 1658 καὶ
792 1594 871 1673 μετὰ
898 1597 1075 1673 μεταβολῇ(
1102 1615 1167 1658 con·

155 1686 249 1746 locere
271 1690 371 1748 onmia
392 1690 482 1761 fortis
504 1688 586 1766 illius
609 1688 720 1748 uidisse
741 1705 772 1747 ee
795 1687 880 1762 dixit,
903 1689 990 1762 quusi
1007 1706 1067 1746 non
1090 1691 1168 1747 esset

155 1778 277 1834 ornatus
301 1777 373 1852 fori,
395 1778 447 1837 sed
471 1778 616 1838 confessio
638 1778 820 1852 rapinarum.

222 1863 289 1934 Qui
335 1883 370 1925 se
410 1866 628 1927 iudiciorum
668 1867 829 1926 dominos
870 1865 943 1925 dici
982 1865 1166 1941 volebant,

154 1953 280 2012 herum
303 1955 549 2030 cupiditatum
571 1974 648 2016 esse
671 1973 801 2016 servos.

115 2060 142 2101 eo
222 2037 273 2102 Ἐκ
295 2042 361 2104 τῶν
384 2039 559 2106 ἀντιθέτων
582 2065 685 2122 aspere
707 2045 852 2106 laceravit
874 2044 1077 2121 Hortensium,
1100 2064 1167 2104 cum

155 2131 242 2190 illum
273 2132 355 2191 dicet
385 2133 524 2194 habuisse
555 2136 588 2192 in
614 2134 734 2194 iudiciis
764 2135 1010 2209 dominationem,
1042 2132 1167 2194 eundem

155 2222 255 2279 temen
278 2223 345 2297 peti
367 2222 515 2300 significet
532 2225 565 2283 in
583 2223 629 2283 his
650 2223 784 2283 luxuriae
804 2223 997 2299 apparatibus
1016 2223 1167 2299 quandam

222 2397 271 2456 Ex
298 2401 372 2460 suis
399 2400 545 2476 templis
573 2401 696 2460 ublate.
723 2403 759 2460 in
787 2401 864 2461 foro
892 2401 1165 2460 venerabuntur.
1185 2403 1200 2462 i
1219 2401 1261 2450 59-

115 2504 142 2546 m
224 2485 404 2548 Graecorum
434 2490 556 2566 quidem
587 2495 699 2550 mentes
734 2493 943 2552 cerimoniosns
981 2493 1011 2550 et
1046 2490 1168 2549 deorum

155 2574 433 2638 observantissimos
457 2579 595 2654 ostendit,
619 2579 765 2638 invidiam
787 2583 888 2639 tumen
911 2580 967 2640 hoc
984 2582 1050 2656 ipso
1065 2579 1167 2638 Verris

156 2667 338 2740 occumulat,
367 2686 424 2742 quo
447 2670 544 2747 magis
567 2668 635 2728 illos
659 2668 842 2728 miserabiles
866 2670 953 2743 feeit,
981 2670 1034 2744 qui
1055 2669 1167 2726 Romae

155 2755 315 2815 simulacre
333 2755 456 2816 deorum
473 2761 714 2836 recognoscentes
733 2761 951 2834 venerarentur,
970 2761 1012 2832 ut,
1030 2759 1166 2833 quumvis

222 2965 238 3013 5
257 2959 335 3014 Dem.
356 2962 421 3018 κατ’
439 2962 494 3031 Ἀρ.
512 2961 539 3016 Π
558 2967 581 3017 7.

223 3143 238 3192 3
262 3139 338 3208 opud
361 3141 437 3195 [Γ.
454 3141 538 3196 Grou.
562 3142 658 3211 rapuit
678 3143 701 3198 Ο
791 3146 807 3194 ὅ
831 3141 1091 3210 Ἀριετογιτονοεθ

154 3215 171 3262 6
194 3227 248 3279 sqq.
269 3215 586 3281 καιγιδειλετεινπεριτον
658 3217 1170 3280 λεοναλλοτου(εφιμωαυτοναναλογι,

155 3283 414 3352 cecrerospatiom
427 3290 466 3338 est
478 3301 584 3338 omem.
650 3285 728 3338 e-P-
741 3286 858 3340 tremuit
869 3285 899 3356 Ο,
966 3290 997 3338 11
1016 3284 1169 3339 Phaselide

156 3354 188 3424 04
203 3354 235 3407 in
248 3369 318 3424 m9.;
339 3354 404 3409 Cin
417 3361 493 3409 texto
505 3355 661 3424 priueelido
727 3356 963 3425 1201u1npu1n0
1033 3362 1066 3409 14
1084 3356 1168 3410 furtis

153 3441 188 3478 er
215 3425 294 3478 entis
321 3426 434 3480 ΜΟ
517 3433 549 3480 15
577 3432 821 3495 παραπροεδοκιαν
850 3428 883 3493 0,
915 3445 982 3483 corr.
1002 3428 1033 3483 St
1087 3446 1168 3495 μετα-

153 3499 303 3563 τεεβουλη(
314 3495 343 3562 O,
355 3513 422 3552 corr.
435 3497 476 3550 Gr
485 3500 554 3562 μετὰ
564 3501 693 3566 ἐπιβολῆς
703 3499 735 3554 St
799 3503 833 3552 20
847 3500 1083 3566 τοναντιθετονΟ,
1097 3515 1165 3555 corr.

155 3567 198 3622 Gr
269 3572 303 3621 23
321 3567 448 3622 liuidinis
469 3569 493 3623 O
562 3576 595 3624 24
616 3569 689 3623 funis
709 3569 820 3624 sublata
838 3571 914 3626 codd.
927 3571 979 3625 Oic.
