2670 3876
174 145 265 200 XXIV
573 145 788 200 PRAEFATIO.

174 315 262 373 illum
285 316 374 374 tertio
398 315 515 374 saeculo
540 315 688 374 adfinem
707 318 847 392 vergente
870 315 918 374 vel
936 315 1062 373 maxime
1084 317 1191 389 quarto

175 404 291 463 saeculo
316 406 436 463 ineunte
460 405 603 480 scriptum
627 423 699 463 esse.
744 402 843 478 Atque
868 423 935 462 cum
957 404 1192 462 demonstratum

175 485 247 574 sit¹)
280 494 486 552 commentarii
517 493 647 552 indolem
680 496 710 551 et
746 493 917 551 doctrinam·
949 492 1048 568 quarti
1081 492 1192 550 saeculi

174 600 261 640 usum
288 581 434 655 indicare,
457 581 706 641 verisimillimum
736 588 781 640 est
803 583 836 639 in
858 581 911 640 illo
936 581 1109 656 exemplari,
1133 599 1191 656 qno

174 670 314 730 librarius
339 671 448 730 codicis
471 670 628 729 Bobiensis
647 689 718 729 usus
742 673 795 743 est,
818 671 948 746 primum
971 669 1092 742 scholia,
1116 687 1192 745 quae

174 759 260 818 nobis
283 762 402 834 praesto
427 762 504 834 sunt,
529 761 698 834 conscripta
719 761 817 819 fuisse.

241 848 287 917 le
310 848 472 924 exemplari
499 847 641 912 Bobiensi
668 848 847 907 scholiorum
874 847 959 906 nobis
982 850 1100 908 servata
1123 848 1194 906 sunt

174 936 362 994 XXXXVIII
389 937 464 995 folia
492 940 522 995 et
548 936 593 994 VI
620 936 758 1011 dimidia3
784 937 890 995 horum
913 936 968 994 XX
997 936 1069 994 lolia
1093 940 1123 994 et
1145 934 1193 993 III

175 1025 299 1084 dimidia
321 1025 533 1099 Mediolanum,
556 1024 688 1082 XXVIII
711 1030 742 1083 et
763 1024 810 1082 IlI
834 1024 958 1083 dimidia
981 1025 1107 1083 Romam
1130 1025 1193 1084 lata

175 1116 252 1174 sunt.
299 1113 429 1172 Maxima
458 1132 559 1172 eorum
582 1132 653 1190 pars
680 1114 725 1173 ita
746 1113 892 1189 rescripta
918 1116 971 1188 est
995 1115 1083 1172 utin
1107 1131 1193 1172 versa

175 1201 296 1280 pagina
310 1202 490 1261 scholiorum
513 1205 595 1262 recta
619 1203 738 1262 concilii
761 1201 960 1277 exhiberetnr3
983 1202 1127 1261 nonnulle
1145 1220 1192 1260 eo-

174 1311 242 1350 rum
269 1292 424 1365 foliorum,
452 1310 528 1367 quae
555 1291 721 1366 Mediolani
748 1294 946 1365 asservantur,
969 1291 1110 1349 librarius
1133 1310 1194 1349 non

175 1380 311 1439 invertit:
335 1381 408 1439 haec
426 1381 458 1438 in
477 1380 582 1440 tabula
605 1399 683 1457 quae
707 1380 845 1455 sequitur'
859 1380 999 1438 asterisco
1019 1379 1192 1457 significavi.

174 1468 482 1528 Animadvertendum
505 1473 660 1546 praeterea
684 1473 729 1528 est
751 1469 827 1526 nihil
845 1470 1000 1542 interesse,
1023 1488 1083 1544 qno
1106 1468 1193 1527 modo

130 1633 132 1638 Ι
175 1558 250 1616 folia
286 1559 353 1635 ipsa
385 1557 461 1618 fiexa
497 1562 559 1618 sint
595 1551 633 1640 (e.
662 1579 689 1636 g.
721 1561 822 1616 utrum
858 1559 908 1617 35.
934 1558 1055 1620 36„45.
1081 1558 1130 1615 46.
1156 1576 1194 1615 an

177 1647 228 1705 45.
253 1648 376 1709 46„35.
400 1640 475 1728 36),
499 1667 564 1706 curn
588 1648 644 1706 hoc
666 1649 780 1706 factum
803 1649 843 1706 sit
860 1648 951 1723 prout
972 1646 1095 1705 librario
1119 1663 1193 1721 opus

177 1735 245 1810 fuit,
269 1735 321 1811 qui
344 1736 573 1812 descriptionem
597 1735 716 1794 concilii
735 1736 947 1795 commentario
967 1734 1116 1794 Ciceronis
1139 1736 1193 1793 im·

177 1824 287 1900 posuit.
322 1824 427 1900 Neque
445 1824 477 1882 id
495 1824 582 1882 hodie
602 1823 713 1883 Romae
731 1825 860 1900 perspici
877 1828 985 1900 potest,
1004 1843 1071 1883 cnm
1089 1843 1193 1882 unum-

177 1913 316 1988 quodque
325 1913 432 1972 folium
442 1913 546 1972 charta
559 1915 645 1971 tenta
654 1913 860 1972 circumdetur.
876 1911 1114 1972 Consentaneum
1123 1930 1193 1972 vero

176 2003 221 2059 est
239 2003 270 2058 in
289 2003 327 2059 iis
346 2001 436 2076 foliis,
456 2001 563 2076 quihus
579 2001 704 2061 inversis
718 2003 879 2062 monachus
893 2019 964 2061 usus
979 2005 1033 2075 est,
1051 2003 1195 2061 maiorem

175 2109 331 2148 numerum
360 2090 536 2166 praecedere
563 2092 685 2165 minori,
709 2091 780 2167 quia
807 2109 947 2150 numerus
970 2093 1033 2166 ipse
1057 2089 1127 2148 libri
1150 2093 1195 2149 est

177 2178 406 2255 descriptionem
435 2178 554 2238 concilii
582 2180 769 2238 continentis.
815 2180 857 2238 At
884 2178 916 2238 in
939 2178 1101 2255 exemplari
1122 2179 1194 2237 Am·

175 2267 315 2327 hrosiano
340 2267 415 2327 duae
440 2269 529 2327 series
555 2287 745 2328 numerorum
769 2272 851 2327 sunt:
879 2287 939 2326 una
963 2268 1082 2327 arabica
1104 2269 1195 2344 plane

175 2359 211 2414 nt
238 2357 269 2414 in
298 2356 446 2416 Vaticano
474 2358 601 2435 paginas
630 2357 836 2433 descriptionis
870 2357 989 2416 concilii
1016 2356 1196 2434 significans,

177 2445 273 2503 altere
296 2445 445 2504 Romana:
467 2446 542 2505 haee
559 2448 673 2504 rectum
693 2445 825 2504 ordinem
845 2446 1024 2506 scholiorum
1043 2448 1105 2505 sive
1125 2463 1196 2504 casu

177 2533 239 2593 sire
267 2534 480 2610 conputatione
507 2535 590 2594 facta
616 2535 774 2594 inventum
803 2533 959 2612 significat.
1005 2533 1101 2604 Quem
1128 2533 1195 2611 quis

178 2622 334 2698 adiecerit,
362 2623 436 2681 mihi
464 2623 583 2699 quidem
612 2623 735 2683 dubium
762 2624 893 2698 videtur,
922 2643 989 2682 cum
1011 2623 1109 2682 Maius
1133 2624 1196 2700 ipse

178 2730 367 2770 numerorum
397 2711 530 2772 ordinem
558 2731 617 2771 non
642 2715 792 2789 sequatur,
815 2732 918 2771 verum
941 2712 1106 2772 orationem
1130 2711 1196 2771 Sul·

177 2801 279 2860 lanam
301 2802 333 2858 in
356 2801 467 2880 pagina
490 2801 507 2858 I
529 2802 721 2878 incipientem
744 2806 813 2877 post
831 2801 980 2860 orationes
1002 2803 1035 2859 in
1059 2791 1197 2859 Clodium

178 2891 209 2948 et
232 2888 390 2949 (lurionem
412 2891 445 2948 in
467 2891 579 2968 pagina
598 2891 651 2965 VI,
674 2890 710 2948 de
734 2909 801 2949 aere
826 2890 923 2948 alieno
947 2889 1066 2950 Milonis
1088 2891 1121 2948 in
1144 2907 1196 2965 pa·

178 2979 249 3055 gina
269 2978 406 3053 LXVIII,
429 2980 466 3038 de
489 2998 558 3058 rege
581 2979 783 3038 Alexandrino
806 2979 838 3036 in
857 2980 967 3057 pagina
981 2978 1119 3052 XXXHI,
1143 2997 1197 3055 pro

178 3067 291 3126 Archia
312 3067 345 3126 in
368 3068 480 3146 pagina
502 3067 626 3127 LXXIX
649 3067 824 3144 incipientes
847 3069 879 3126 in
899 3068 1035 3128 omnibus
1059 3067 1197 3126 editioni·

179 3155 236 3215 bus
268 3160 370 3232 ponat.
437 3156 544 3233 ltaque
584 3159 615 3215 in
656 3157 833 3234 fragmentis
870 3157 1075 3216 Ambrosianis
1111 3158 1198 3215 iuxta

178 3263 317 3304 numeros
336 3244 471 3305 arabicos
489 3245 649 3320 Romanos,
668 3247 718 3322 qui
739 3246 858 3306 eusdem
875 3248 1001 3322 paginas
1020 3245 1199 3323 significant,

179 3351 315 3408 apposui.

253 3521 279 3589 1)
300 3519 342 3586 Of.
361 3521 466 3575 dicem.
485 3538 558 3577 auae
576 3539 635 3591 cap.
655 3525 715 3578 ΙΙΙ.
