2664 3886
169 195 210 260 76
558 195 630 250 PRO
654 196 793 251 MILONE

233 364 370 424 Partim
396 384 581 425 recurrere
608 366 651 425 ad
682 366 838 440 raedam,
870 367 909 424 ut
940 383 958 422 a
989 367 1091 442 tergo
1124 364 1184 422 ad·

168 455 352 512 orirentur
373 454 548 514 Milonem.
702 508 705 514 .

233 537 398 617 Ἐνὰργεια
434 547 625 604 coacervatur
659 545 749 621 plena
781 545 844 603 sine
880 542 970 604 dubio
1007 543 1101 602 falsae
1134 542 1184 600 ad·

167 633 374 706 severationis,
407 634 517 709 quippe
544 634 610 692 vult
636 635 682 692 ita
707 635 906 710 praestruere,
938 635 972 691 ut
1003 633 1082 691 servi
1109 631 1185 690 nihil

167 722 332 797 imperante
355 721 474 780 domino
498 723 630 782 fecerint.
675 722 716 781 Et
739 721 924 781 considerato
952 723 1055 782 statim
1076 720 1185 779 miram
1212 739 1226 782 5

166 809 366 885 prudentiam,
388 810 468 885 quod
487 813 532 870 ita
550 813 751 870 narrationem
771 812 975 871 summaverit:
1000 808 1073 868 Oum
1092 809 1184 869 domi-

167 917 239 956 num
263 898 415 958 crederent
437 901 658 976 interemptum,

234 995 411 1055 l'ecerunt
432 996 469 1054 id
492 999 588 1057 servi
609 996 770 1072 Milonis,

169 1082 275 1143 deinde
297 1081 378 1143 κατὰ
401 1081 523 1155 γένεειν

235 1182 312 1240 Non
335 1182 525 1240 derivandi
549 1183 709 1243 criminis
737 1201 857 1257 causa,
887 1183 947 1242 sed
978 1185 1018 1242 ut
1049 1183 1228 1242 factumro

169 1273 234 1330 est:
257 1288 320 1328 neo
342 1272 542 1347 imperante
565 1272 706 1332 domino
729 1291 792 1331 neo
815 1274 964 1347 sciente,

234 1366 403 1444 ibidemque
435 1370 575 1429 continuo
600 1365 721 1444 κλέμμα
744 1369 908 1445 subiunxit,
939 1370 971 1428 id
999 1371 1044 1428 est
1072 1369 1186 1428 firrtum

169 1457 319 1533 quoddam
368 1458 532 1518 invidiosae
583 1461 885 1534 commemorationis,
931 1460 1074 1534 quoniam
1119 1475 1187 1517 oon-

169 1565 292 1623 sequens
316 1549 389 1622 erat,
410 1549 447 1607 ut
465 1547 588 1607 diceret:
610 1543 796 1608 ‘occiderunt
812 1550 966 1607 inimicum
986 1548 1099 1607 domini
1117 1540 1185 1606 sui'.

170 1635 227 1694 Sed
250 1638 366 1696 cautius
389 1637 484 1696 multo
508 1639 690 1697 existimavit
712 1634 893 1711 λεληθότως
913 1638 969 1696 hoc
987 1639 1228 1714 perstringerem

169 1727 211 1784 sic
234 1725 406 1786 desinendo:

234 1822 412 1882 Fecerunt
433 1822 483 1898 id,
506 1824 599 1898 quod
622 1841 702 1883 suos
727 1825 875 1900 quisque
899 1841 1020 1883 servos

311 1913 465 1972 subtracta
488 1914 545 1987 est,
568 1931 717 1988 quereus
739 1915 885 1989 potuisset
908 1911 1033 1972 onerari.

82 2012 157 2072 130.
236 2009 344 2084 Haec,
367 2011 462 2070 sicut
484 2011 645 2086 exposui,
667 2011 720 2069 ita
744 2012 846 2088 gesta
868 2012 963 2084 sunt,
985 2009 1132 2069 iudices.

236 2098 338 2157 Finita
358 2100 528 2157 narratione
552 2098 697 2158 subicitur
719 2101 860 2177 egressio,
884 2118 973 2176 quam
996 2095 1186 2172 παρέκβαειν
1201 2117 1229 2156 ao

170 2184 277 2244 Graeci
294 2189 412 2261 vocant,
435 2206 511 2263 quae
530 2187 649 2263 quidem
730 2189 951 2248 miserationem
969 2188 1110 2247 conciliat
1127 2205 1187 2260 reo,

169 2274 315 2334 invidiam
338 2277 542 2354 gravissimam
567 2276 599 2334 P.
615 2275 718 2336 Clodio
742 2279 877 2352 quamvis
900 2278 1087 2353 interempto.
1129 2275 1187 2334 Hic

170 2366 249 2422 euim
272 2367 358 2440 quasi
381 2364 541 2424 destitutus
563 2367 670 2425 misere
694 2368 724 2424 et
745 2367 906 2425 infeliciter
927 2366 1108 2439 vindicatus,
1135 2365 1187 2423 ille

171 2455 257 2528 quasi
280 2455 432 2531 grassator
455 2456 485 2512 et
508 2473 601 2530 paene
624 2457 770 2531 tyrannus
793 2455 951 2515 inducitur.

169 2640 189 2698 d
235 2551 275 2608 Vi
304 2553 403 2611 victa
429 2552 483 2611 vis
511 2552 569 2612 vel
600 2555 722 2628 potius
755 2572 925 2629 oppressa
956 2554 1095 2612 virtute
1127 2560 1229 2610 au·25

164 2641 272 2699 'acia
296 2643 357 2700 est.

237 2871 252 2918 2
279 2863 413 2917 Milonem
436 2863 612 2918 adorirentur
634 2864 710 2919 codd.
727 2864 782 2920 Cic.
869 2869 885 2918 3
913 2866 1036 2932 ἐνέργεια
1061 2865 1095 2930 0,
1117 2880 1186 2918 corr.

168 2937 210 3008 Zp
265 2934 447 2989 coacerbatur
466 2935 489 2990 Ο
505 2935 679 2990 coacervatio
697 2953 733 3002 m,
751 2952 819 2990 corr.
835 2951 850 2989 o
923 2935 1123 2990 bieceruntO

170 3014 185 3061 9
214 3010 286 3062 κατὰ
308 3009 413 3072 γένεειν
435 3008 534 3075 scripsi
556 3009 628 3061 κατὰ
651 3009 758 3072 vivoru
783 3007 893 3062 Οκατὰ
911 3006 1022 3072 γένος·
1014 3024 1043 3058 m
1064 3021 1107 3060 nro
1126 3006 1188 3060 κατ’

170 3082 309 3135 {revecca
308 3024 364 3148 5Zp
437 3083 470 3131 10
489 3076 605 3150 <dicam
624 3077 698 3131 enim
717 3076 835 3160 aperte>
849 3079 939 3148 suppl.
952 3078 995 3149 Zp
1013 3084 1077 3132 aute
1090 3079 1187 3131 lemma

169 3167 202 3204 ea
225 3152 347 3204 oratioue
374 3164 425 3203 uec
448 3149 604 3218 imperante
626 3165 677 3202 nee
701 3149 806 3202 sciente
829 3164 881 3202 nec
902 3150 1050 3217 praesente
1073 3148 1186 3201 domino

169 3221 245 3276 codd.
263 3221 317 3276 dic.
391 3226 423 3274 12
452 3220 611 3286 κλείμμαΟ
685 3225 718 3272 13
741 3219 927 3275 inuidiosaO
1002 3225 1034 3273 14
1061 3219 1188 3272 dicerent

171 3292 248 3357 Ome,
266 3290 384 3346 cernor
457 3295 489 3343 17
510 3296 542 3343 18
567 3306 647 3344 seruo
667 3289 810 3344 subtracta
828 3293 871 3345 est
891 3292 1022 3346 Oservor
1042 3289 1188 3344 subtracta

168 3378 198 3416 re
222 3378 265 3416 mo
284 3377 375 3415 servos
399 3361 543 3416 subtracta
567 3361 639 3430 αἰτίᾳ
663 3377 719 3428 qua
739 3361 777 3416 Or
795 3378 887 3415 servos
906 3361 957 3432 <in
975 3360 1028 3416 tali
1046 3377 1076 3414 re
1093 3360 1187 3415 faeere

171 3432 310 3486 voluisset.
346 3431 390 3485 Sic
409 3431 537 3504 invidia>
557 3431 701 3485 subtracta
720 3435 763 3485 est
780 3432 822 3503 Zp
899 3438 931 3485 19
952 3432 975 3485 si
992 3434 1026 3486 ut
1045 3433 1109 3487 Orac
1127 3432 1186 3486 eod.

170 3505 225 3558 Iul.
237 3504 304 3558 Vter.
320 3506 394 3570 (416,
404 3507 450 3570 35)
465 3503 542 3557 codd.
555 3502 670 3572 Quintil.
682 3503 743 3569 (IV
753 3507 779 3570 4,
789 3507 819 3571 2)
840 3502 923 3556 sicuti
941 3502 1017 3558 codd.
1030 3505 1083 3559 Cic.
1140 3519 1186 3556 ex-

169 3574 294 3644 potuiO
364 3579 395 3626 21
418 3575 467 3627 lar.
488 3578 504 3626 5
522 3591 571 3628 era.
587 3599 621 3620 =
642 3579 676 3628 10
695 3576 745 3629 litt.
818 3580 852 3627 23
871 3574 955 3628 miser
975 3576 1053 3640 Ome,
1071 3590 1139 3628 corr.
1154 3574 1187 3630 St
