2670 3876
529 173 745 228 PRAEFATIO.
1067 176 1148 230 XVII

125 361 195 403 acm
230 347 353 403 occisum
384 345 533 417 fateretur,
568 343 685 418 defendi
716 344 833 402 ecculm
864 345 914 418 fus
944 361 1003 403 aaa
1034 346 1146 418 smeret,

127 437 183 494 cat
208 434 236 491 si
257 435 323 492 c'ucn
344 432 530 508 praeiudicio
557 436 678 490 secutas
705 433 864 492 damnatas
893 437 965 492 essct
986 434 1071 503 Milo,
1095 439 1148 494 cut

125 525 153 581 si
191 521 244 581 Oa.
272 523 429 596 Pecuarius
452 525 711 593 ....tuchum
747 522 889 580 adamus
927 518 955 580 ca'
991 525 1144 598 timeretur.

46 612 49 625 '
125 611 232 688 Neque
260 610 420 671 scholiasta
446 611 511 685 ipse
538 610 666 686 primam
693 610 891 670 accusationis
917 613 1032 687 partem
1056 611 1145 672 verbo

120 701 304 774 praeiudicii
328 701 406 774 63,6
435 700 565 758 denotat.
611 697 668 757 His
700 698 980 759 ratiocinationibus
1007 699 1069 758 iam
1096 699 1146 760 de-

125 789 338 848 monstravisse
366 788 442 847 mihi
463 788 567 847 videor
593 786 671 846 illud
698 787 783 846 uliud
810 787 886 856 a02
909 790 1078 848 coniectura
1100 791 1145 848 in-

125 879 250 936 ventum
278 895 349 936 esse.
399 876 482 936 Idem
515 877 661 936 evincitur
693 878 724 934 et
750 875 820 936 Vat.
841 878 944 952 223‚1
974 880 1004 937 et
1032 880 1106 953 223,
1120 889 1145 936 8.

124 965 247 1024 Etenim
284 966 411 1025 alterum
447 965 482 1024 N
513 967 547 1023 ln
582 964 672 1025 verbo
705 966 792 1024 coniti
825 966 914 1042 plane
956 985 974 1025 a
1012 966 1145 1043 priorum

124 1057 295 1129 temporum
327 1072 384 1113 usu
414 1054 572 1114 abhorrere
599 1046 813 1134 Ritschelius¹)
846 1055 1076 1116 demonstravit:
1108 1076 1145 1115 ne

124 1138 173 1202 In'
195 1143 407 1203 commentario
448 1143 569 1220 quidem
605 1143 745 1202 Bobiensi
783 1163 926 1220 umquam
963 1145 1078 1204 duobus
1114 1145 1150 1203 IV

125 1232 274 1292 soiibitnr.
331 1232 436 1291 Altero
463 1233 533 1292 loco
556 1231 680 1292 verbum
708 1235 828 1292 omnino
851 1253 911 1292 non
939 1252 957 1292 a
982 1234 1145 1294 scholiasta

125 1324 304 1396 usurpatum
327 1325 409 1381 tenus
435 1320 472 1389 02
494 1323 539 1380 ita
562 1321 658 1380 lineae
681 1323 817 1396 inseruit,
847 1324 883 1380 ut
904 1323 1039 1382 homines
1063 1323 1145 1382 docti

125 1409 198 1486 quid
222 1428 255 1469 eo
279 1410 411 1469 facerent
439 1410 595 1470 nescirent¹
642 1408 812 1469 Scholiasta
834 1410 888 1470 illo
911 1411 975 1470 loco
998 1411 1055 1470 hoc
1077 1414 1143 1470 tan·

126 1503 193 1558 tum
215 1499 312 1558 di0ere
334 1500 432 1558 voluit
451 1497 495 1557 SC
519 1498 572 1557 illo
596 1497 709 1557 lactum
732 1499 832 1573 ipsum
855 1498 1040 1572 damnatum,
1064 1501 1145 1575 quod

127 1587 244 1662 aliquid
271 1587 408 1662 pervim
435 1589 625 1646 commissum
649 1587 701 1660 sit,
732 1605 791 1646 non
817 1586 965 1646 Milonem.
1016 1588 1053 1656 02
1076 1607 1144 1648 cum

125 1674 200 1751 quid
240 1675 328 1734 verbo
367 1678 480 1748 faciens
519 1676 597 1736 falso
637 1679 706 1750 post
746 1677 876 1748 faciendi
917 1693 1008 1735 ccusc
1043 1679 1143 1752 posito

124 1764 239 1823 facerat
260 1768 394 1838 nesoIrat,
416 1783 498 1824 mera
521 1766 692 1824 coniectura
715 1765 799 1824 nisus
820 1768 903 1823 terras
922 1765 1143 1841 suprascripsit,

125 1853 204 1929 quod
227 1871 322 1928 neque
341 1853 437 1912 Maius
460 1872 556 1929 neque
576 1851 714 1928 Orellius,
736 1873 804 1912 cum
828 1853 865 1913 ab
888 1853 1012 1913 librario
1032 1854 1142 1914 codicis

125 1941 249 2000 verbum
281 1943 425 2018 seriptum
461 1943 626 2016 crederent,
658 1943 850 2018 interpretari
881 1945 1050 2019 potuerunt.
1108 1943 1143 2003 Id

125 2034 225 2089 autem
257 2030 380 2089 verbum
412 2050 509 2090 errore
540 2031 657 2091 librarii
689 2051 723 2090 ex
751 2033 882 2103 faciendi
908 2031 1050 2091 Iteratum
1080 2051 1143 2092 esse

125 2121 318 2180 manifestum
350 2123 403 2180 est.
449 2119 555 2195 Itaque
587 2138 655 2179 cum
684 2122 746 2179 iam
774 2120 1010 2180 demonstratum
1039 2123 1080 2180 sit
1105 2122 1143 2190 02

124 2227 185 2267 non
212 2227 247 2266 ex
275 2209 334 2267 alio
358 2211 561 2286 manuscripto
585 2209 765 2268 scholiorum
788 2211 904 2268 textum
927 2211 1141 2285 emendavisse,

125 2299 188 2357 eius
213 2301 397 2357 correcturae
425 2298 521 2374 pluris
550 2298 751 2356 aestimandae
781 2317 841 2358 nou
869 2301 939 2357 sunt
963 2299 1004 2359 als
1029 2302 1142 2360 coniec-

125 2387 212 2461 turis,
236 2386 344 2462 quibus
368 2388 427 2445 viri
450 2388 530 2446 docti
552 2389 722 2447 nostrorum
740 2390 908 2462 temporum
928 2388 1041 2447 scholia
1059 2389 1141 2448 locu-

124 2475 324 2552 pletaverunt,
347 2475 407 2535 nisi
429 2475 509 2550 quod
532 2479 762 2535 consentaneum
785 2479 831 2535 est
848 2477 927 2534 huno
947 2481 1143 2536 correctorem

124 2563 306 2624 Milonianae
338 2565 585 2624 commentarium
617 2567 767 2642 iutegrum
795 2565 917 2642 legisse,
949 2565 981 2623 id
1009 2566 1088 2640 quod
1113 2569 1143 2624 et

124 2652 215 2713 verbo
238 2672 310 2713 cam
336 2655 369 2712 in
396 2653 591 2712 adnotatione
614 2655 677 2713 eius
702 2653 740 2712 acl
762 2653 830 2712 Vat.
848 2655 985 2727 234,3.4
1008 2655 1088 2713 facta
1112 2657 1142 2713 ct

124 2760 159 2801 eo
192 2743 300 2818 elucet,
334 2743 421 2818 quoa
444 2743 532 2815 locis,
564 2742 671 2818 quibus
703 2742 791 2801 hodie
823 2743 897 2801 folia
926 2744 1036 2802 amissa
1063 2746 1142 2818 sunt,

123 2831 201 2890 nihil
224 2831 444 2891 animadvertit.
490 2830 590 2906 Atque
617 2832 673 2889 hoc
702 2832 793 2890 etiam
816 2832 1008 2890 confirmatur
1031 2850 1141 2907 conpu-

123 2921 239 2979 tatione
262 2921 405 2996 temporis
428 2921 517 2979 facta.
555 2920 625 2979 Non
642 2920 771 2978 multum
789 2921 882 2995 spatii
899 2919 985 2978 nobIs
1004 2919 1142 2980 relictum

125 3027 188 3068 esse
212 3027 247 3067 eo
271 3009 426 3083 evincitur,
450 3010 531 3084 quia,
555 3011 591 3067 ut
613 3012 716 3085 postea
740 3007 914 3081 videbimus,
938 3007 1052 3067 sohoIIa
1074 3010 1141 3084 ipsa

124 3097 243 3158 saeculo
257 3098 285 3153 V
304 3099 416 3174 scripta
439 3099 517 3172 sunt,
541 3100 623 3156 aetas
647 3099 812 3173 scripturae
836 3097 955 3156 concilii
978 3097 1017 3155 ad
1040 3115 1140 3157 saecu-

122 3187 187 3246 lum
209 3185 269 3244 VII
296 3190 461 3245 extremum
488 3186 537 3245 vel
559 3186 635 3244 VIII
663 3189 785 3262 spectat.
831 3185 951 3261 Itaque,
982 3205 1049 3245 cum
1075 3188 1140 3263 ipse
1178 3243 1179 3247 ,

124 3294 232 3353 parum
255 3277 369 3350 peritus
392 3275 425 3333 in
447 3274 632 3352 temporibus
655 3276 824 3335 litterarum
842 3274 1017 3336 deliniendis
1036 3295 1140 3350 assem,

123 3363 321 3423 Traubium
339 3385 392 3442 per
409 3366 527 3424 litteras
547 3364 617 3439 adii,
639 3367 674 3424 ut
692 3384 739 3423 me
758 3383 811 3424 sua
830 3366 956 3424 scientia
974 3365 1139 3443 adiuvaret.

196 3553 223 3620 1)
241 3568 332 3621 opusc.
351 3554 468 3620 1L449.

178 3647 271 3690 senone
284 3651 408 3692 sosanna
422 3651 456 3691 aa.
471 3651 675 3691 acrasitanae.
959 3639 977 3691 b
