2670 3876
577 167 592 227 ἓ
613 166 725 216 17-22,
1116 161 1154 224 11

137 333 244 392 statim
352 331 540 390 consulatum
567 347 655 388 suum
681 331 758 389 talia
790 329 917 389 edidisse
944 330 1156 390 moderationis

139 424 170 480 et
193 421 394 479 continentiae
418 421 448 478 et
470 421 592 478 virtutis
616 420 764 494 exempla,
791 422 826 478 ut
848 438 908 478 non
930 420 994 496 ipsc
1017 438 1081 495 rex,
1105 418 1157 478 sed

140 510 208 569 aliis
249 529 375 588 regnum
416 507 634 568 adfectantibus
677 510 755 567 esset
794 509 941 567 inimicus.
1007 506 1072 577 Qua
1108 527 1156 567 ex-

139 600 290 658 secutione
318 598 407 658 simul
435 600 466 656 et
491 597 608 657 invidia
635 596 744 656 liberat
776 599 987 657 auctoritatem
1014 617 1099 658 suam
1126 601 1156 657 et

111 686 397 763 simpenetrabilius
433 688 508 745 facit
549 686 628 761 quod
669 686 708 745 ad
744 686 845 762 Syllae
881 688 1040 745 victoriam
1076 688 1155 746 locu·

140 779 224 836 turus
248 779 300 836 est.

227 864 280 923 An
303 865 401 923 tuin
428 859 532 923 tanto
555 865 721 940 imperio,
744 867 848 923 tanta
870 866 1055 940 potestate
1087 883 1155 924 non

138 954 234 1014 dices
266 973 318 1012 me
351 954 464 1012 fuisse
495 971 628 1031 regem,
664 971 756 1012 nuno
788 955 972 1029 privatum
1002 973 1154 1032 regnare

139 1041 253 1103 diois?
307 1082 314 1096 .

98 1153 125 1192 ιο
204 1131 232 1189 A
255 1133 368 1190 maiore
395 1130 434 1190 ad
461 1132 559 1190 minus
583 1175 651 1205 ...,
674 1132 722 1206 ut,
751 1130 830 1206 quod
857 1150 935 1190 nunc
962 1135 1098 1208 privatus
1121 1134 1153 1191 in

139 1220 322 1280 defendendo
338 1239 389 1280 reo
407 1221 651 1280 innocentissimo
670 1221 772 1295 faciat,
795 1239 856 1280 non
874 1223 915 1281 sit
932 1223 1033 1300 regiae
1052 1241 1154 1298 super·

137 1308 218 1384 biae,
246 1309 298 1368 sed
324 1309 394 1370 fidei
420 1309 592 1388 religiosae,
621 1328 680 1385 qua
702 1328 763 1368 non
785 1312 872 1385 putet
894 1312 1067 1371 innocentes
1091 1330 1153 1372 esse

139 1398 330 1473 damnandos,
353 1417 407 1458 nec
424 1398 513 1466 cadat
535 1400 665 1475 suspicio
689 1401 790 1476 regiae
809 1398 983 1474 cupiditatis
1002 1402 1034 1459 in
1053 1402 1152 1476 priva-

137 1490 204 1546 tum
226 1490 401 1563 senatorem,
425 1506 501 1562 quae
524 1506 584 1546 non
607 1487 747 1546 ceciderit
769 1489 801 1545 in
825 1489 983 1547 consulem,

98 1596 124 1636 15
206 1576 242 1635 Si
275 1578 406 1636 falsum
438 1576 603 1650 dixerim,
635 1577 670 1635 tc
702 1577 739 1634 in
771 1575 911 1635 eosdem
943 1577 1092 1653 dixisse,
1124 1580 1155 1638 si

138 1685 272 1740 verum,
295 1685 364 1724 non
387 1683 463 1726 esse
486 1666 551 1724 hoc
573 1683 738 1744 regnare,
767 1683 844 1724 oum
865 1684 988 1724 verum
1010 1668 1153 1726 iuratus

138 1755 251 1830 dicas,
275 1754 435 1831 probare.

203 1843 239 1902 Iu
263 1845 357 1903 altero
457 1845 515 1919 est,
538 1845 570 1903 in
594 1844 687 1903 altero
787 1838 860 1902 ‘Aut
882 1843 1015 1903 invidiae
1037 1862 1153 1904 mecum

137 1928 306 2009 particeps’,
329 1935 441 2009 inquit,
465 1928 639 2007 ‘sideberia
667 1935 694 1992 si
718 1933 790 2008 quid
811 1935 843 1990 in
866 1951 901 1991 eo
923 1935 1065 2011 regaliter
1087 1934 1153 2009 feci,

97 2041 124 2082 ao
139 2022 219 2097 quod
245 2024 277 2080 in
309 2023 468 2082 sceleratos
501 2022 636 2080 homines
667 2023 873 2082 testimonium
904 2021 979 2097 dixi,
1012 2025 1154 2098 quoniam

138 2113 169 2170 et
195 2113 225 2170 te
248 2113 280 2169 in
304 2110 421 2170 eosdem
445 2111 553 2170 dixisse
576 2111 769 2170 manifestum
796 2112 856 2170 est:
885 2114 950 2185 aut,
979 2113 1005 2171 si
1027 2111 1100 2171 fides
1124 2114 1154 2171 et

137 2201 243 2278 religio
266 2201 440 2276 incorrupta
467 2201 499 2258 in
525 2201 587 2259 illis
615 2199 751 2260 omnibus
779 2201 960 2260 testimoniis
988 2202 1062 2276 fuit,
1094 2220 1154 2260 non

138 2291 238 2364 potest
264 2309 315 2348 rex
342 2289 451 2364 uderi,
482 2290 534 2364 qui
561 2290 733 2348 testimonio
762 2288 873 2349 adserit
895 2284 1071 2350 veritatem?
1117 2289 1153 2349 In

137 2380 224 2453 parte
260 2379 354 2456 igitur
390 2379 537 2454 percussit
569 2378 715 2454 Torquati
746 2378 967 2453 verecundiam,
1003 2380 1036 2438 in
1067 2382 1152 2455 parte

97 2485 123 2527 aa
138 2466 228 2525 diluit
250 2467 359 2546 regalis
384 2468 477 2526 animi
502 2468 725 2542 proprietatem.

204 2556 293 2614 Uter
332 2557 475 2616 tandem
510 2574 570 2614 rex
611 2559 678 2630 est,
718 2557 810 2631 isne,
847 2557 904 2614 oui
944 2558 1248 2618 innocentest22·

137 2644 297 2704 homines
334 2664 402 2705 non
433 2646 624 2719 resistunt,
661 2663 704 2703 an
739 2646 784 2719 is,
822 2646 882 2720 qui
918 2645 1151 2704 calamitosos

137 2752 206 2792 non
230 2733 387 2794 deserit?

288 2825 484 2899 praemiserat
515 2824 595 2881 enirn
622 2823 769 2898 Torquati
799 2824 1034 2898 propositionem
1065 2821 1152 2882 valde

95 2931 124 2971 ao
139 2912 404 2972 insolentissimam
427 2915 457 2972 et
474 2911 585 2971 liberae
609 2913 740 2971 civitatis
765 2912 832 2970 odio
857 2911 991 2990 dignam:
1014 2907 1096 2970 ‘Nisi
1118 2915 1152 2970 tu

207 3124 221 3172 1
241 3120 291 3175 loo.
307 3124 324 3173 4
382 3122 400 3172 3
418 3119 625 3172 ona=161itt
645 3119 898 3185 uopocxsudletot?
985 3121 1000 3169 5
1019 3116 1151 3186 impetra-

139 3189 223 3243 bilius
240 3191 303 3245 Omo
363 3188 451 3260 yllam
468 3188 644 3243 uictoriaeG
714 3190 811 3242 'Itum
828 3189 905 3243 codd.
921 3189 975 3244 (Ἀθ.
1016 3189 1152 3256 tantaque

138 3262 215 3316 codd.
231 3261 285 3317 ca.
358 3259 468 3315 8diois
483 3261 558 3315 codd.
576 3260 630 3316 Oto.
704 3265 737 3313 10
761 3262 810 3315 loc.
826 3264 843 3314 3
857 3277 950 3315 om.=
965 3264 983 3315 6
996 3261 1046 3314 litt.
1066 3261 1153 3315 τόπος

137 3335 227 3402 suppl.
243 3333 284 3404 29
353 3337 386 3385 14
405 3331 590 3386 caecideritO
626 3336 658 3384 15
673 3331 803 3386 sinoodd.
816 3332 870 3400 oto.
935 3332 1151 3386 wlodemiri.

140 3405 412 3473 †30m.=211ttt.
450 3403 500 3457 lac.
520 3408 537 3457 4
555 3419 648 3457 cm.=
664 3403 745 3457 atet.
765 3405 893 3471 opicaoca
966 3402 1119 3470 requae

138 3475 250 3530 ferito
337 3480 371 3529 20
395 3473 555 3528 dixissetO
637 3478 670 3526 29
695 3474 744 3528 loc.
760 3478 778 3528 3
792 3475 825 3542 -Ι-
841 3477 859 3528 5
873 3489 920 3528 coc.
934 3499 967 3519 =
984 3478 1018 3528 18
1032 3475 1082 3528 litt.
1103 3479 1154 3527 aut

138 3551 156 3600 5
171 3563 219 3602 om.
230 3573 264 3592 =
280 3550 316 3602 12
331 3548 380 3602 titt.
400 3548 594 3612 ςυλλογιεμὸεῗ
