2664 3886
174 208 238 272 100
390 255 391 258 s
566 209 637 262 rao
662 208 784 262 sssrro

237 378 412 439 Necessario
458 378 539 436 facta
589 372 852 450 προθεράπευειε,
904 377 1045 453 quoniam
1090 375 1186 435 videri

171 468 290 543 poterat
317 486 335 524 a
363 467 447 525 civili
474 468 504 524 et
531 466 667 524 iudiciali
699 485 804 543 genere
832 465 954 524 deficere
982 468 1012 522 et
1039 464 1186 541 quaedam

172 556 308 615 fabulosa
336 557 489 614 contexere
517 555 552 613 de
579 555 666 614 rebus
695 557 758 613 sine
786 555 876 613 dubio
900 555 1023 613 scenicis
1047 557 1077 612 et
1100 555 1187 629 quasi

171 644 343 722 volgaribus
366 645 528 703 locuturus.
575 643 633 702 Sed
660 645 789 703 oratorie
817 643 856 701 ad
878 643 1022 701 iudicium
1049 643 1186 718 publicae

171 735 336 793 voluntatis
364 733 490 791 reflectit
516 733 589 791 haec
617 735 730 808 omnia,
762 733 869 808 quibus
897 732 1024 808 populus
1053 733 1186 790 animum
1214 748 1227 790 5

172 842 259 882 suum
282 841 335 897 pro
360 820 500 880 Cicerone
523 822 690 881 nudaverit.

67 915 153 977 5120.
262 911 311 970 De
334 912 400 970 illo
424 913 569 970 senatus
594 912 772 984 consulto,
798 910 891 987 quod
914 912 1050 968 factum
1074 911 1186 968 estin

172 1001 305 1076 templo
320 1000 489 1058 Virtutis.

238 1090 375 1148 Revera
403 1089 523 1163 quidem
547 1087 575 1145 S.
596 1085 626 1145 C.
651 1089 687 1146 de
711 1086 850 1146 Cicerone
877 1087 1043 1147 revocando
1073 1087 1187 1145 factum

173 1196 236 1236 esse
254 1179 287 1234 in
302 1175 452 1253 Capitolio
467 1177 590 1250 dicitiu3
609 1194 667 1252 quo
684 1179 780 1254 magis
794 1195 948 1236 movemur
962 1177 1186 1235 adseveratione
1201 1195 1227 1234 ro

173 1265 337 1339 Ciceronis,
369 1267 421 1341 qui
452 1283 531 1323 nunc
563 1265 644 1323 dicat
675 1267 707 1322 in
738 1266 851 1340 templo
874 1265 1003 1323 Virtutis
1035 1265 1092 1323 hoc
1124 1283 1186 1323 esse

82 1357 87 1362 ’
173 1355 333 1428 decretum,
356 1372 424 1412 cum
446 1357 579 1430 tempore
601 1354 752 1429 ludorum,
777 1355 829 1429 qui
851 1353 981 1413 Virtutis
1005 1355 1036 1412 et
1058 1353 1186 1413 Honoris

173 1443 360 1516 dicebantur,
390 1443 621 1502 adclamationes
644 1444 749 1519 populi
775 1443 905 1501 reditum
932 1442 971 1500 M.
995 1442 1077 1500 Tulli
1103 1443 1186 1520 flagi-

173 1535 313 1608 taverint,
336 1535 455 1592 senatus
479 1551 548 1591 vero
572 1533 648 1590 nihii
671 1532 781 1591 ibidem
800 1533 948 1606 statuerit,
971 1533 1030 1591 nisi
1048 1533 1074 1591 si
1092 1535 1123 1590 et
1145 1531 1188 1589 ibi

173 1622 250 1682 forte
273 1622 424 1681 decretum
447 1623 499 1680 est.
826 1621 828 1626 ’
1202 1639 1228 1679 15

241 1710 406 1770 Summus
430 1711 571 1769 artifex.

239 1800 333 1859 Actor
344 1801 405 1858 illis
415 1799 598 1875 temporibus
608 1799 809 1858 nobilissimus
821 1800 1004 1876 tragicorum
1018 1798 1188 1857 fabularum

173 1889 307 1965 Aesopus
339 1889 433 1967 egisse
464 1888 583 1946 videtur
614 1887 699 1946 Accii
730 1888 876 1961 fabulam,
909 1907 984 1963 quae
1011 1887 1188 1946 inscribitur

173 1978 373 2053 Eurysaoes
400 1978 458 2050 ita,
486 1979 520 2034 ut
547 1995 600 2051 per
623 1995 740 2034 omnem
763 1977 889 2036 actionis
913 1995 1030 2036 cursum
1052 1978 1188 2051 tempora

173 2068 218 2125 rei
240 2086 268 2141 p.
288 2065 525 2142 significarentur
546 2066 577 2123 et
596 2065 812 2140 quodammodo
833 2063 981 2125 Ciceronis
999 2066 1120 2124 fortuna
1139 2065 1187 2123 de·
1202 2084 1229 2123 ro

133 2161 136 2168 '
174 2156 350 2231 ploraretur.
386 2154 431 2211 Ex
450 2173 509 2230 quo
527 2154 604 2212 illud
622 2154 747 2228 probare
768 2155 929 2228 contendit,
949 2173 1049 2214 omnes
1067 2172 1187 2230 prorsus

176 2244 309 2302 homines
323 2244 415 2302 etiam
428 2243 552 2301 infimae
564 2242 660 2318 plebis
678 2245 863 2302 restitutioni
881 2262 951 2303 suae
967 2244 1188 2319 promptissime

177 2333 362 2409 suffragatus.
482 2385 484 2389 .

71 2425 158 2486 5122.
245 2418 464 2479 Oimmunes
488 2418 586 2480 Grai!

242 2510 282 2567 Et
304 2509 376 2569 haec
399 2509 490 2568 verba
507 2511 577 2569 sunt
596 2509 631 2568 de
650 2511 814 2588 tragoedia,
837 2512 869 2568 in
888 2530 947 2586 qua
966 2510 1090 2569 verbum
1108 2509 1189 2570 istud
1203 2527 1230 2568 ss

175 2601 337 2659 inmunes
375 2600 509 2677 ingratos
545 2598 707 2677 significat,
744 2599 992 2675 quemadmodum
1117 2620 1189 2656 mu·

176 2690 307 2748 nificos
340 2688 478 2747 dicebant
505 2707 568 2762 eos,
601 2690 654 2764 qui
676 2689 756 2766 grati
778 2690 809 2746 et
831 2689 968 2756 liberales
999 2689 1189 2748 exstitissent.

176 2779 256 2856 Ergo
279 2796 380 2836 versus
404 2796 504 2836 omncs
527 2779 637 2855 tragici
660 2777 819 2851 adipsum
843 2775 1013 2836 Ciceronem
1123 2796 1189 2836 con·

176 2868 346 2941 vertuntur,
369 2868 404 2923 ut
426 2866 509 2924 aliud
532 2866 652 2941 quidem
673 2868 706 2924 in
729 2885 816 2942 opere
839 2868 955 2941 poetico
979 2868 1084 2942 fuerit,
1108 2866 1191 2926 aliud

176 2975 246 3015 vero
269 2957 302 3013 in
324 2956 418 3030 ipsius
441 2956 549 3014 actoris
573 2954 848 3033 significationibus.
1204 2971 1232 3012 oo

244 3093 278 3141 24
296 3086 425 3141 Ribbeck
441 3090 513 3158 trag.
528 3089 607 3142 Rom.
622 3089 721 3158 fragm.
741 3108 767 3159 p.
784 3095 835 3144 183
854 3091 888 3159 (v.
909 3093 978 3160 364).

244 3230 441 3284 4oratoriaeC
508 3235 539 3283 13
551 3224 798 3287 adclamationisG
864 3237 896 3285 1⁷
908 3234 1038 3288 auctorG
1070 3231 1191 3286 nouissi-

178 3301 273 3354 mnsC
284 3299 475 3354 nobilissimus
484 3318 527 3356 mo
537 3303 593 3355 Leo
607 3301 769 3355 notissimus
779 3303 810 3358 St
845 3304 882 3357 fla
905 3303 1006 3358 'tarum
1016 3321 1069 3372 pro
1081 3303 1191 3357 fabula·

179 3371 280 3425 rumC
349 3376 382 3425 18
397 3372 528 3425 scribitur
544 3373 749 3438 Cmo,corr.0r
821 3380 853 3428 19
895 3391 1012 3443 urysace
1028 3376 1104 3441 Cmo,
1122 3392 1190 3430 corr.

182 3441 312 3495 Coronida
383 3447 417 3495 20
437 3443 559 3510 quodam
579 3444 602 3497 C
619 3444 734 3511 quidem
751 3462 807 3511 mo,
825 3463 893 3500 corr.
911 3446 949 3501 Or
1020 3451 1054 3500 26
1078 3449 1128 3501 loc.
1143 3463 1190 3500 aa.

180 3514 228 3566 iia.
240 3539 273 3556 =
290 3515 324 3564 17
338 3513 389 3568 liu.
404 3516 580 3580 λειτουργούς
598 3517 687 3583 suppl.
698 3517 785 3570 Halm
804 3521 848 3571 καί
867 3519 898 3572 ἐκ
916 3524 967 3572 τοῦ
982 3518 1129 3573 ἑναντίουῗ

180 3589 214 3638 28
234 3585 283 3637 loe.
304 3587 426 3638 3cm.=
442 3589 459 3638 7
478 3585 528 3639 lio.
548 3586 671 3651 obortum
688 3589 778 3656 sappi
792 3587 848 3643 Leo
921 3593 954 3642 29
975 3590 1008 3642 ut
1027 3588 1141 3644 aliutC
