<?xml version="1.0" encoding="UTF-8"?>
<!DOCTYPE html PUBLIC "-//W3C//DTD XHTML 1.0 Transitional//EN"
    "http://www.w3.org/TR/xhtml1/DTD/xhtml1-transitional.dtd">
<html xmlns="http://www.w3.org/1999/xhtml" xml:lang="en" lang="en">
 <head>
  <title>
</title>
<meta http-equiv="Content-Type" content="text/html;charset=utf-8" />
  <meta name='ocr-system' content='tesseract 3.04.00' />
  <meta name='ocr-capabilities' content='ocr_page ocr_carea ocr_par ocr_line ocrx_word'/>
</head>
<body>
  <div class='ocr_page' id='page_1' title='image "./scholiaincicero01hildgoog_0015.png"; bbox 0 0 2670 3876; ppageno 0'>
   <div class='ocr_carea' id='block_1_1' title="bbox 183 158 802 215">
    <p class='ocr_par' dir='ltr' id='par_1_1' title="bbox 183 158 802 215">
     <span class='ocr_line' id='line_1_1' title="bbox 183 158 802 215; baseline 0.002 -2"><span class='ocrx_word' id='word_1_1' title='bbox 183 158 249 213; x_wconf 80' lang='lat' dir='ltr'>vm</span> <span class='ocrx_word' id='word_1_2' title='bbox 587 159 802 215; x_wconf 80' lang='lat' dir='ltr'><strong>PRAEFATIO.</strong></span> 
     </span>
    </p>
   </div>
   <div class='ocr_carea' id='block_1_2' title="bbox 184 321 1222 762">
    <p class='ocr_par' dir='ltr' id='par_1_2' title="bbox 184 321 1222 762">
     <span class='ocr_line' id='line_1_2' title="bbox 185 321 1202 408; baseline -0.002 -21"><span class='ocrx_word' id='word_1_3' title='bbox 185 331 253 387; x_wconf 87' lang='lat' dir='ltr'>cata</span> <span class='ocrx_word' id='word_1_4' title='bbox 274 330 305 387; x_wconf 92' lang='lat' dir='ltr'>ct</span> <span class='ocrx_word' id='word_1_5' title='bbox 324 329 491 387; x_wconf 89' lang='lat' dir='ltr'>accuratius</span> <span class='ocrx_word' id='word_1_6' title='bbox 510 321 696 408; x_wconf 82' lang='lat' dir='ltr'>descripta.¹)</span> <span class='ocrx_word' id='word_1_7' title='bbox 728 327 801 404; x_wconf 84' lang='lat' dir='ltr'>Iam,</span> <span class='ocrx_word' id='word_1_8' title='bbox 828 347 895 387; x_wconf 90' lang='lat' dir='ltr'>cum</span> <span class='ocrx_word' id='word_1_9' title='bbox 913 347 1022 388; x_wconf 88' lang='lat' dir='ltr'>novam</span> <span class='ocrx_word' id='word_1_10' title='bbox 1041 328 1202 388; x_wconf 76' lang='lat' dir='ltr'>editionem</span> 
     </span>
     <span class='ocr_line' id='line_1_3' title="bbox 184 416 1200 493; baseline -0.001 -18"><span class='ocrx_word' id='word_1_11' title='bbox 184 435 285 476; x_wconf 89' lang='lat' dir='ltr'>omnes</span> <span class='ocrx_word' id='word_1_12' title='bbox 299 416 332 474; x_wconf 92' lang='lat' dir='ltr'>hi</span> <span class='ocrx_word' id='word_1_13' title='bbox 347 435 420 492; x_wconf 91' lang='lat' dir='ltr'>quos</span> <span class='ocrx_word' id='word_1_14' title='bbox 435 420 664 476; x_wconf 87' lang='lat' dir='ltr'>commemoravi</span> <span class='ocrx_word' id='word_1_15' title='bbox 678 418 736 476; x_wconf 86' lang='lat' dir='ltr'>viri</span> <span class='ocrx_word' id='word_1_16' title='bbox 750 417 830 476; x_wconf 89' lang='lat' dir='ltr'>docti</span> <span class='ocrx_word' id='word_1_17' title='bbox 848 437 908 476; x_wconf 91' lang='lat' dir='ltr'>non</span> <span class='ocrx_word' id='word_1_18' title='bbox 922 418 1126 492; x_wconf 78' lang='lat' dir='ltr'><strong>confecissent,</strong></span> <span class='ocrx_word' id='word_1_19' title='bbox 1146 434 1200 493; x_wconf 86' lang='lat' dir='ltr'>ego</span> 
     </span>
     <span class='ocr_line' id='line_1_4' title="bbox 184 505 1222 582; baseline 0 -19"><span class='ocrx_word' id='word_1_20' title='bbox 184 525 203 564; x_wconf 90' lang='lat' dir='ltr'>a</span> <span class='ocrx_word' id='word_1_21' title='bbox 225 506 413 565; x_wconf 83' lang='lat' dir='ltr'>Friderico</span> <span class='ocrx_word' id='word_1_22' title='bbox 431 505 547 566; x_wconf 80' lang='lat' dir='ltr'>Leone</span> <span class='ocrx_word' id='word_1_23' title='bbox 570 509 701 565; x_wconf 89' lang='lat' dir='ltr'>monitus</span> <span class='ocrx_word' id='word_1_24' title='bbox 725 509 760 564; x_wconf 91' lang='lat' dir='ltr'>ut</span> <span class='ocrx_word' id='word_1_25' title='bbox 777 506 948 581; x_wconf 83' lang='lat' dir='ltr'>perficerem</span> <span class='ocrx_word' id='word_1_26' title='bbox 972 510 1002 565; x_wconf 90' lang='lat' dir='ltr'>et</span> <span class='ocrx_word' id='word_1_27' title='bbox 1025 508 1087 565; x_wconf 89' lang='lat' dir='ltr'>eius</span> <span class='ocrx_word' id='word_1_28' title='bbox 1111 523 1201 582; x_wconf 91' lang='lat' dir='ltr'>opera</span> <span class='ocrx_word' id='word_1_29' title='bbox 1220 505 1222 512; x_wconf 78' lang='grc'>’</span> 
     </span>
     <span class='ocr_line' id='line_1_5' title="bbox 185 593 1201 673; baseline -0.004 -19"><span class='ocrx_word' id='word_1_30' title='bbox 185 597 275 671; x_wconf 93' lang='lat' dir='ltr'>atque</span> <span class='ocrx_word' id='word_1_31' title='bbox 302 594 487 672; x_wconf 74' lang='lat' dir='ltr'>benignitate</span> <span class='ocrx_word' id='word_1_32' title='bbox 515 614 533 653; x_wconf 89' lang='lat' dir='ltr'>a</span> <span class='ocrx_word' id='word_1_33' title='bbox 560 597 643 673; x_wconf 86' lang='lat' dir='ltr'>regia</span> <span class='ocrx_word' id='word_1_34' title='bbox 671 597 811 655; x_wconf 89' lang='lat' dir='ltr'>societate</span> <span class='ocrx_word' id='word_1_35' title='bbox 839 595 989 654; x_wconf 86' lang='lat' dir='ltr'>litteraria</span> <span class='ocrx_word' id='word_1_36' title='bbox 1012 593 1201 673; x_wconf 78' lang='lat' dir='ltr'>Gottingensi</span> 
     </span>
     <span class='ocr_line' id='line_1_6' title="bbox 184 682 1201 762; baseline 0 -20"><span class='ocrx_word' id='word_1_37' title='bbox 184 683 305 743; x_wconf 86' lang='lat' dir='ltr'>adiutus</span> <span class='ocrx_word' id='word_1_38' title='bbox 329 703 403 742; x_wconf 92' lang='lat' dir='ltr'>sum.</span> <span class='ocrx_word' id='word_1_39' title='bbox 436 682 592 761; x_wconf 82' lang='lat' dir='ltr'>Stanglius</span> <span class='ocrx_word' id='word_1_40' title='bbox 610 703 681 744; x_wconf 88' lang='lat' dir='ltr'>vero</span> <span class='ocrx_word' id='word_1_41' title='bbox 705 685 877 762; x_wconf 87' lang='lat' dir='ltr'>apographo</span> <span class='ocrx_word' id='word_1_42' title='bbox 901 684 1069 744; x_wconf 88' lang='lat' dir='ltr'>collationis</span> <span class='ocrx_word' id='word_1_43' title='bbox 1092 683 1201 743; x_wconf 85' lang='lat' dir='ltr'>codicis</span> 
     </span>
    </p>
   </div>
   <div class='ocr_carea' id='block_1_3' title="bbox 184 772 1287 850">
    <p class='ocr_par' dir='ltr' id='par_1_3' title="bbox 184 772 1287 850">
     <span class='ocr_line' id='line_1_7' title="bbox 184 772 1287 850; baseline 0.001 -19"><span class='ocrx_word' id='word_1_44' title='bbox 184 772 377 832; x_wconf 83' lang='lat' dir='ltr'>Ambrosiani</span> <span class='ocrx_word' id='word_1_45' title='bbox 401 792 419 832; x_wconf 93' lang='lat' dir='ltr'>a</span> <span class='ocrx_word' id='word_1_46' title='bbox 442 773 577 850; x_wconf 85' lang='lat' dir='ltr'>Zieglero</span> <span class='ocrx_word' id='word_1_47' title='bbox 600 773 697 832; x_wconf 83' lang='lat' dir='ltr'>factae</span> <span class='ocrx_word' id='word_1_48' title='bbox 720 776 756 832; x_wconf 91' lang='lat' dir='ltr'>ut</span> <span class='ocrx_word' id='word_1_49' title='bbox 782 776 882 831; x_wconf 88' lang='lat' dir='ltr'>uterer</span> <span class='ocrx_word' id='word_1_50' title='bbox 904 772 1111 832; x_wconf 76' lang='lat' dir='ltr'>liberalissime</span> <span class='ocrx_word' id='word_1_51' title='bbox 1135 791 1202 832; x_wconf 89' lang='lat' dir='ltr'>con·</span> <span class='ocrx_word' id='word_1_52' title='bbox 1285 807 1287 814; x_wconf 94' lang='lat'>·</span> 
     </span>
    </p>
   </div>
   <div class='ocr_carea' id='block_1_4' title="bbox 101 862 1203 2625">
    <p class='ocr_par' dir='ltr' id='par_1_4' title="bbox 101 862 1203 2625">
     <span class='ocr_line' id='line_1_8' title="bbox 185 862 1202 938; baseline -0.002 -17"><span class='ocrx_word' id='word_1_53' title='bbox 185 862 274 922; x_wconf 90' lang='lat' dir='ltr'>cessit</span> <span class='ocrx_word' id='word_1_54' title='bbox 297 865 387 936; x_wconf 89' lang='lat' dir='ltr'>atque</span> <span class='ocrx_word' id='word_1_55' title='bbox 410 864 501 937; x_wconf 88' lang='lat' dir='ltr'>etiam</span> <span class='ocrx_word' id='word_1_56' title='bbox 529 865 564 920; x_wconf 95' lang='lat' dir='ltr'>ut</span> <span class='ocrx_word' id='word_1_57' title='bbox 589 881 656 921; x_wconf 89' lang='lat' dir='ltr'>eam</span> <span class='ocrx_word' id='word_1_58' title='bbox 678 863 880 936; x_wconf 82' lang='lat' dir='ltr'>describerem,</span> <span class='ocrx_word' id='word_1_59' title='bbox 904 862 1047 937; x_wconf 90' lang='lat' dir='ltr'>permisit.</span> <span class='ocrx_word' id='word_1_60' title='bbox 1094 863 1202 938; x_wconf 88' lang='lat' dir='ltr'>Itaque</span> 
     </span>
     <span class='ocr_line' id='line_1_9' title="bbox 183 949 1201 1027; baseline 0 -18"><span class='ocrx_word' id='word_1_61' title='bbox 183 951 252 1010; x_wconf 90' lang='lat' dir='ltr'>inde</span> <span class='ocrx_word' id='word_1_62' title='bbox 276 951 314 1009; x_wconf 88' lang='lat' dir='ltr'>ab</span> <span class='ocrx_word' id='word_1_63' title='bbox 337 969 415 1017; x_wconf 85' lang='lat' dir='ltr'>anno</span> <span class='ocrx_word' id='word_1_64' title='bbox 433 949 620 1010; x_wconf 78' lang='lat' dir='ltr'>MDccch</span> <span class='ocrx_word' id='word_1_65' title='bbox 643 969 737 1027; x_wconf 87' lang='lat' dir='ltr'>usque</span> <span class='ocrx_word' id='word_1_66' title='bbox 756 950 794 1008; x_wconf 91' lang='lat' dir='ltr'>ad</span> <span class='ocrx_word' id='word_1_67' title='bbox 812 949 1018 1010; x_wconf 73' lang='lat' dir='ltr'>Macedoni</span> <span class='ocrx_word' id='word_1_68' title='bbox 1041 950 1201 1026; x_wconf 82' lang='lat' dir='ltr'>quotannis</span> 
     </span>
     <span class='ocr_line' id='line_1_10' title="bbox 184 1038 1201 1116; baseline 0.001 -19"><span class='ocrx_word' id='word_1_69' title='bbox 184 1039 398 1098; x_wconf 83' lang='lat' dir='ltr'>bibliothecam</span> <span class='ocrx_word' id='word_1_70' title='bbox 425 1038 601 1098; x_wconf 90' lang='lat' dir='ltr'>Vaticanam</span> <span class='ocrx_word' id='word_1_71' title='bbox 626 1041 678 1098; x_wconf 91' lang='lat' dir='ltr'>aut</span> <span class='ocrx_word' id='word_1_72' title='bbox 702 1040 933 1098; x_wconf 88' lang='lat' dir='ltr'>Ambrosianam</span> <span class='ocrx_word' id='word_1_73' title='bbox 957 1040 1019 1098; x_wconf 89' lang='lat' dir='ltr'>adii</span> <span class='ocrx_word' id='word_1_74' title='bbox 1042 1043 1072 1100; x_wconf 91' lang='lat' dir='ltr'>et</span> <span class='ocrx_word' id='word_1_75' title='bbox 1094 1040 1201 1116; x_wconf 91' lang='lat' dir='ltr'>palim-</span> 
     </span>
     <span class='ocr_line' id='line_1_11' title="bbox 187 1127 1201 1204; baseline -0.001 -17"><span class='ocrx_word' id='word_1_76' title='bbox 187 1128 279 1204; x_wconf 86' lang='lat' dir='ltr'>psesti</span> <span class='ocrx_word' id='word_1_77' title='bbox 299 1127 373 1187; x_wconf 89' lang='lat' dir='ltr'>duas</span> <span class='ocrx_word' id='word_1_78' title='bbox 392 1130 492 1202; x_wconf 86' lang='lat' dir='ltr'>partes</span> <span class='ocrx_word' id='word_1_79' title='bbox 511 1128 632 1187; x_wconf 91' lang='lat' dir='ltr'>contuli.</span> <span class='ocrx_word' id='word_1_80' title='bbox 660 1127 785 1186; x_wconf 87' lang='lat' dir='ltr'>Interim</span> <span class='ocrx_word' id='word_1_81' title='bbox 803 1127 1067 1188; x_wconf 86' lang='lat' dir='ltr'>Brakmannius</span> <span class='ocrx_word' id='word_1_82' title='bbox 1091 1129 1201 1188; x_wconf 90' lang='lat' dir='ltr'>collato</span> 
     </span>
     <span class='ocr_line' id='line_1_12' title="bbox 185 1215 1201 1292; baseline 0 -18"><span class='ocrx_word' id='word_1_83' title='bbox 185 1219 216 1274; x_wconf 91' lang='lat' dir='ltr'>et</span> <span class='ocrx_word' id='word_1_84' title='bbox 239 1215 338 1276; x_wconf 90' lang='lat' dir='ltr'>codice</span> <span class='ocrx_word' id='word_1_85' title='bbox 357 1217 505 1275; x_wconf 89' lang='lat' dir='ltr'>Vaticano</span> <span class='ocrx_word' id='word_1_86' title='bbox 534 1219 564 1275; x_wconf 90' lang='lat' dir='ltr'>et</span> <span class='ocrx_word' id='word_1_87' title='bbox 591 1216 788 1277; x_wconf 89' lang='lat' dir='ltr'>Ambrosiano</span> <span class='ocrx_word' id='word_1_88' title='bbox 812 1217 1033 1277; x_wconf 82' lang='lat' dir='ltr'>emendationes</span> <span class='ocrx_word' id='word_1_89' title='bbox 1056 1237 1124 1277; x_wconf 88' lang='lat' dir='ltr'>suas</span> <span class='ocrx_word' id='word_1_90' title='bbox 1147 1237 1201 1292; x_wconf 93' lang='lat' dir='ltr'>pu·</span> 
     </span>
     <span class='ocr_line' id='line_1_13' title="bbox 184 1297 1201 1387; baseline 0 -23"><span class='ocrx_word' id='word_1_91' title='bbox 184 1305 256 1365; x_wconf 91' lang='lat' dir='ltr'>blici</span> <span class='ocrx_word' id='word_1_92' title='bbox 282 1306 357 1364; x_wconf 89' lang='lat' dir='ltr'>iuris</span> <span class='ocrx_word' id='word_1_93' title='bbox 379 1297 496 1387; x_wconf 68' lang='lat' dir='ltr'>iecit&#39;),</span> <span class='ocrx_word' id='word_1_94' title='bbox 524 1325 579 1383; x_wconf 91' lang='lat' dir='ltr'>ego</span> <span class='ocrx_word' id='word_1_95' title='bbox 603 1324 653 1364; x_wconf 87' lang='lat' dir='ltr'>cas</span> <span class='ocrx_word' id='word_1_96' title='bbox 680 1297 854 1387; x_wconf 83' lang='lat' dir='ltr'>recensui.³)</span> <span class='ocrx_word' id='word_1_97' title='bbox 900 1306 1027 1380; x_wconf 87' lang='lat' dir='ltr'>Deinde,</span> <span class='ocrx_word' id='word_1_98' title='bbox 1051 1325 1117 1364; x_wconf 91' lang='lat' dir='ltr'>oum</span> <span class='ocrx_word' id='word_1_99' title='bbox 1140 1307 1201 1364; x_wconf 89' lang='grc'>10111</span> 
     </span>
     <span class='ocr_line' id='line_1_14' title="bbox 184 1394 1202 1471; baseline 0 -18"><span class='ocrx_word' id='word_1_100' title='bbox 184 1395 261 1454; x_wconf 90' lang='grc'>110110</span> <span class='ocrx_word' id='word_1_101' title='bbox 289 1395 451 1453; x_wconf 90' lang='lat' dir='ltr'>editionem</span> <span class='ocrx_word' id='word_1_102' title='bbox 477 1395 560 1454; x_wconf 85' lang='lat' dir='ltr'>brevi</span> <span class='ocrx_word' id='word_1_103' title='bbox 587 1397 721 1471; x_wconf 89' lang='lat' dir='ltr'>tempore</span> <span class='ocrx_word' id='word_1_104' title='bbox 737 1394 936 1470; x_wconf 87' lang='lat' dir='ltr'>prodituram</span> <span class='ocrx_word' id='word_1_105' title='bbox 964 1413 1026 1454; x_wconf 86' lang='lat' dir='ltr'>esse</span> <span class='ocrx_word' id='word_1_106' title='bbox 1052 1397 1202 1471; x_wconf 79' lang='lat' dir='ltr'>puberem,</span> 
     </span>
     <span class='ocr_line' id='line_1_15' title="bbox 184 1475 1201 1565; baseline 0.001 -23"><span class='ocrx_word' id='word_1_107' title='bbox 184 1486 249 1560; x_wconf 86' lang='lat' dir='ltr'>ipse</span> <span class='ocrx_word' id='word_1_108' title='bbox 279 1482 500 1543; x_wconf 84' lang='lat' dir='ltr'>emendationes</span> <span class='ocrx_word' id='word_1_109' title='bbox 527 1475 717 1565; x_wconf 54' lang='lat' dir='ltr'>publicavit)</span> <span class='ocrx_word' id='word_1_110' title='bbox 763 1483 805 1541; x_wconf 89' lang='lat' dir='ltr'>At</span> <span class='ocrx_word' id='word_1_111' title='bbox 831 1502 885 1560; x_wconf 93' lang='lat' dir='ltr'>per</span> <span class='ocrx_word' id='word_1_112' title='bbox 912 1484 1078 1558; x_wconf 89' lang='lat' dir='ltr'>complures</span> <span class='ocrx_word' id='word_1_113' title='bbox 1108 1502 1201 1543; x_wconf 89' lang='lat' dir='ltr'>annos</span> 
     </span>
     <span class='ocr_line' id='line_1_16' title="bbox 184 1571 1201 1650; baseline 0.001 -20"><span class='ocrx_word' id='word_1_114' title='bbox 184 1574 271 1650; x_wconf 85' lang='lat' dir='ltr'>gravi</span> <span class='ocrx_word' id='word_1_115' title='bbox 297 1573 399 1632; x_wconf 92' lang='lat' dir='ltr'>morbo</span> <span class='ocrx_word' id='word_1_116' title='bbox 427 1573 625 1649; x_wconf 87' lang='lat' dir='ltr'>impediebar,</span> <span class='ocrx_word' id='word_1_117' title='bbox 652 1591 689 1630; x_wconf 91' lang='lat' dir='ltr'>ne</span> <span class='ocrx_word' id='word_1_118' title='bbox 717 1591 791 1648; x_wconf 90' lang='lat' dir='ltr'>opus</span> <span class='ocrx_word' id='word_1_119' title='bbox 824 1573 862 1630; x_wconf 93' lang='lat' dir='ltr'>ad</span> <span class='ocrx_word' id='word_1_120' title='bbox 885 1571 976 1631; x_wconf 89' lang='lat' dir='ltr'>finem</span> <span class='ocrx_word' id='word_1_121' title='bbox 1002 1573 1201 1648; x_wconf 80' lang='lat' dir='ltr'>perducerem.</span> 
     </span>
     <span class='ocr_line' id='line_1_17' title="bbox 184 1660 1202 1740; baseline -0.001 -20"><span class='ocrx_word' id='word_1_122' title='bbox 184 1660 285 1737; x_wconf 84' lang='lat' dir='ltr'>Atque</span> <span class='ocrx_word' id='word_1_123' title='bbox 309 1662 420 1736; x_wconf 89' lang='lat' dir='ltr'>siquis</span> <span class='ocrx_word' id='word_1_124' title='bbox 438 1663 520 1735; x_wconf 91' lang='lat' dir='ltr'>haec,</span> <span class='ocrx_word' id='word_1_125' title='bbox 545 1681 620 1736; x_wconf 91' lang='lat' dir='ltr'>quae</span> <span class='ocrx_word' id='word_1_126' title='bbox 645 1661 732 1737; x_wconf 91' lang='lat' dir='ltr'>edidi,</span> <span class='ocrx_word' id='word_1_127' title='bbox 756 1662 942 1737; x_wconf 80' lang='lat' dir='ltr'>comparabit</span> <span class='ocrx_word' id='word_1_128' title='bbox 964 1663 1099 1738; x_wconf 86' lang='lat' dir='ltr'>cumeis,</span> <span class='ocrx_word' id='word_1_129' title='bbox 1124 1679 1202 1740; x_wconf 91' lang='lat' dir='ltr'>quae</span> 
     </span>
     <span class='ocr_line' id='line_1_18' title="bbox 101 1750 1201 1828; baseline 0.002 -22"><span class='ocrx_word' id='word_1_130' title='bbox 101 1797 104 1806; x_wconf 95' lang='lat'><em>.</em></span> <span class='ocrx_word' id='word_1_131' title='bbox 185 1750 337 1828; x_wconf 85' lang='lat' dir='ltr'>Zieglerus</span> <span class='ocrx_word' id='word_1_132' title='bbox 355 1750 530 1826; x_wconf 84' lang='lat' dir='ltr'>publicavit,</span> <span class='ocrx_word' id='word_1_133' title='bbox 549 1769 620 1808; x_wconf 90' lang='lat' dir='ltr'>sane</span> <span class='ocrx_word' id='word_1_134' title='bbox 639 1769 734 1826; x_wconf 91' lang='lat' dir='ltr'>pauca</span> <span class='ocrx_word' id='word_1_135' title='bbox 753 1769 831 1809; x_wconf 90' lang='grc'>01110</span> <span class='ocrx_word' id='word_1_136' title='bbox 846 1750 970 1828; x_wconf 91' lang='lat' dir='ltr'>legendo</span> <span class='ocrx_word' id='word_1_137' title='bbox 989 1754 1121 1811; x_wconf 88' lang='lat' dir='ltr'>correcta</span> <span class='ocrx_word' id='word_1_138' title='bbox 1139 1769 1201 1810; x_wconf 90' lang='grc'>0000</span> 
     </span>
     <span class='ocr_line' id='line_1_19' title="bbox 185 1831 1201 1916; baseline 0 -18"><span class='ocrx_word' id='word_1_139' title='bbox 185 1839 348 1916; x_wconf 84' lang='lat' dir='ltr'>intelleget.</span> <span class='ocrx_word' id='word_1_140' title='bbox 371 1838 482 1913; x_wconf 80' lang='lat' dir='ltr'>Neque.</span> <span class='ocrx_word' id='word_1_141' title='bbox 489 1842 591 1898; x_wconf 91' lang='lat' dir='ltr'>tamen</span> <span class='ocrx_word' id='word_1_142' title='bbox 609 1858 788 1914; x_wconf 90' lang='lat' dir='ltr'>quemquam</span> <span class='ocrx_word' id='word_1_143' title='bbox 806 1831 866 1897; x_wconf 90' lang='lat' dir='ltr'>nisi</span> <span class='ocrx_word' id='word_1_144' title='bbox 883 1839 977 1898; x_wconf 89' lang='lat' dir='ltr'>oculis</span> <span class='ocrx_word' id='word_1_145' title='bbox 992 1839 1201 1898; x_wconf 86' lang='lat' dir='ltr'>Studemundi·</span> 
     </span>
     <span class='ocr_line' id='line_1_20' title="bbox 187 1926 1201 2005; baseline 0.004 -21"><span class='ocrx_word' id='word_1_146' title='bbox 187 1929 250 1986; x_wconf 89' lang='lat' dir='ltr'>anis</span> <span class='ocrx_word' id='word_1_147' title='bbox 271 1932 301 1986; x_wconf 92' lang='lat' dir='ltr'>et</span> <span class='ocrx_word' id='word_1_148' title='bbox 318 1927 463 1986; x_wconf 82' lang='lat' dir='ltr'>facultate</span> <span class='ocrx_word' id='word_1_149' title='bbox 482 1926 636 1986; x_wconf 82' lang='lat' dir='ltr'>divinandi</span> <span class='ocrx_word' id='word_1_150' title='bbox 655 1930 723 2003; x_wconf 89' lang='lat' dir='ltr'>pari</span> <span class='ocrx_word' id='word_1_151' title='bbox 745 1927 914 2003; x_wconf 86' lang='lat' dir='ltr'>praeditum</span> <span class='ocrx_word' id='word_1_152' title='bbox 931 1929 1057 1986; x_wconf 91' lang='lat' dir='ltr'>nuncin</span> <span class='ocrx_word' id='word_1_153' title='bbox 1077 1929 1130 1988; x_wconf 93' lang='lat' dir='ltr'>illo</span> <span class='ocrx_word' id='word_1_154' title='bbox 1150 1947 1201 2005; x_wconf 87' lang='lat' dir='ltr'>pa·</span> 
     </span>
     <span class='ocr_line' id='line_1_21' title="bbox 185 2016 1203 2092; baseline 0.004 -18"><span class='ocrx_word' id='word_1_155' title='bbox 185 2017 340 2092; x_wconf 88' lang='lat' dir='ltr'>limpsesto</span> <span class='ocrx_word' id='word_1_156' title='bbox 354 2017 425 2075; x_wconf 89' lang='lat' dir='ltr'>novi</span> <span class='ocrx_word' id='word_1_157' title='bbox 444 2018 604 2092; x_wconf 88' lang='lat' dir='ltr'>quicquam</span> <span class='ocrx_word' id='word_1_158' title='bbox 622 2019 811 2075; x_wconf 87' lang='lat' dir='ltr'>inventurum</span> <span class='ocrx_word' id='word_1_159' title='bbox 829 2020 913 2091; x_wconf 89' lang='lat' dir='ltr'>puto.</span> <span class='ocrx_word' id='word_1_160' title='bbox 936 2016 1053 2074; x_wconf 82' lang='lat' dir='ltr'>Etenim</span> <span class='ocrx_word' id='word_1_161' title='bbox 1069 2019 1203 2077; x_wconf 89' lang='lat' dir='ltr'>tinctura</span> 
     </span>
     <span class='ocr_line' id='line_1_22' title="bbox 187 2104 1201 2184; baseline 0.004 -22"><span class='ocrx_word' id='word_1_162' title='bbox 187 2123 205 2162; x_wconf 95' lang='lat' dir='ltr'>a</span> <span class='ocrx_word' id='word_1_163' title='bbox 224 2104 303 2164; x_wconf 92' lang='lat' dir='ltr'>Maio</span> <span class='ocrx_word' id='word_1_164' title='bbox 328 2104 464 2163; x_wconf 88' lang='lat' dir='ltr'>adhibita</span> <span class='ocrx_word' id='word_1_165' title='bbox 482 2105 513 2162; x_wconf 90' lang='lat' dir='ltr'>in</span> <span class='ocrx_word' id='word_1_166' title='bbox 532 2105 679 2165; x_wconf 87' lang='lat' dir='ltr'>Vaticana</span> <span class='ocrx_word' id='word_1_167' title='bbox 702 2108 796 2181; x_wconf 90' lang='lat' dir='ltr'>parte,</span> <span class='ocrx_word' id='word_1_168' title='bbox 815 2124 893 2180; x_wconf 90' lang='lat' dir='ltr'>quae</span> <span class='ocrx_word' id='word_1_169' title='bbox 911 2106 980 2164; x_wconf 84' lang='lat' dir='ltr'>Vat.</span> <span class='ocrx_word' id='word_1_170' title='bbox 1001 2107 1087 2164; x_wconf 81' lang='lat'>5750</span> <span class='ocrx_word' id='word_1_171' title='bbox 1110 2107 1201 2184; x_wconf 90' lang='lat' dir='ltr'>signi·</span> 
     </span>
     <span class='ocr_line' id='line_1_23' title="bbox 185 2192 1202 2270; baseline 0.004 -20"><span class='ocrx_word' id='word_1_172' title='bbox 185 2192 302 2268; x_wconf 91' lang='lat' dir='ltr'>ficatur,</span> <span class='ocrx_word' id='word_1_173' title='bbox 319 2193 423 2268; x_wconf 83' lang='lat' dir='ltr'>multa,</span> <span class='ocrx_word' id='word_1_174' title='bbox 442 2195 472 2252; x_wconf 93' lang='lat' dir='ltr'>in</span> <span class='ocrx_word' id='word_1_175' title='bbox 488 2194 686 2252; x_wconf 85' lang='lat' dir='ltr'>Ambrosiana</span> <span class='ocrx_word' id='word_1_176' title='bbox 698 2226 736 2234; x_wconf 96' lang='lat'>-</span> <span class='ocrx_word' id='word_1_177' title='bbox 748 2194 783 2252; x_wconf 83' lang='grc'>10.</span> <span class='ocrx_word' id='word_1_178' title='bbox 800 2197 861 2252; x_wconf 84' lang='grc'>141</span> <span class='ocrx_word' id='word_1_179' title='bbox 878 2213 941 2270; x_wconf 86' lang='lat' dir='ltr'>sup.</span> <span class='ocrx_word' id='word_1_180' title='bbox 953 2195 1093 2270; x_wconf 91' lang='lat' dir='ltr'>-plura</span> <span class='ocrx_word' id='word_1_181' title='bbox 1106 2196 1202 2254; x_wconf 89' lang='lat' dir='ltr'>multo</span> 
     </span>
     <span class='ocr_line' id='line_1_24' title="bbox 186 2281 1203 2358; baseline 0.004 -19"><span class='ocrx_word' id='word_1_182' title='bbox 186 2281 230 2340; x_wconf 89' lang='lat' dir='ltr'>ita</span> <span class='ocrx_word' id='word_1_183' title='bbox 249 2285 442 2356; x_wconf 88' lang='lat' dir='ltr'>evanuerunt,</span> <span class='ocrx_word' id='word_1_184' title='bbox 460 2285 496 2340; x_wconf 91' lang='lat' dir='ltr'>ut</span> <span class='ocrx_word' id='word_1_185' title='bbox 509 2283 594 2341; x_wconf 91' lang='lat' dir='ltr'>nobis</span> <span class='ocrx_word' id='word_1_186' title='bbox 613 2283 724 2342; x_wconf 86' lang='lat' dir='ltr'>amissa</span> <span class='ocrx_word' id='word_1_187' title='bbox 741 2282 830 2358; x_wconf 89' lang='lat' dir='ltr'>plane</span> <span class='ocrx_word' id='word_1_188' title='bbox 848 2282 1013 2342; x_wconf 83' lang='lat' dir='ltr'>videantur.</span> <span class='ocrx_word' id='word_1_189' title='bbox 1046 2282 1203 2343; x_wconf 84' lang='lat' dir='ltr'>Praeterea</span> 
     </span>
     <span class='ocr_line' id='line_1_25' title="bbox 187 2371 1202 2448; baseline 0.002 -19"><span class='ocrx_word' id='word_1_190' title='bbox 187 2389 311 2448; x_wconf 86' lang='lat' dir='ltr'>graecae</span> <span class='ocrx_word' id='word_1_191' title='bbox 334 2371 453 2430; x_wconf 88' lang='lat' dir='ltr'>litterae</span> <span class='ocrx_word' id='word_1_192' title='bbox 476 2372 512 2431; x_wconf 87' lang='lat' dir='ltr'>ab</span> <span class='ocrx_word' id='word_1_193' title='bbox 537 2373 711 2430; x_wconf 88' lang='lat' dir='ltr'>amanuensi</span> <span class='ocrx_word' id='word_1_194' title='bbox 734 2373 861 2448; x_wconf 86' lang='lat' dir='ltr'>scriptae</span> <span class='ocrx_word' id='word_1_195' title='bbox 883 2390 978 2448; x_wconf 91' lang='lat' dir='ltr'>paene</span> <span class='ocrx_word' id='word_1_196' title='bbox 1000 2391 1102 2432; x_wconf 91' lang='lat' dir='ltr'>omnes</span> <span class='ocrx_word' id='word_1_197' title='bbox 1124 2374 1202 2448; x_wconf 89' lang='lat' dir='ltr'>peri-</span> 
     </span>
     <span class='ocr_line' id='line_1_26' title="bbox 187 2459 1202 2537; baseline 0.003 -19"><span class='ocrx_word' id='word_1_198' title='bbox 187 2461 286 2518; x_wconf 85' lang='lat' dir='ltr'>erunt:</span> <span class='ocrx_word' id='word_1_199' title='bbox 311 2459 457 2536; x_wconf 91' lang='lat' dir='ltr'>quomodo</span> <span class='ocrx_word' id='word_1_200' title='bbox 473 2461 597 2519; x_wconf 89' lang='lat' dir='ltr'>lacunae</span> <span class='ocrx_word' id='word_1_201' title='bbox 612 2461 830 2536; x_wconf 86' lang='lat' dir='ltr'>compleantur,</span> <span class='ocrx_word' id='word_1_202' title='bbox 849 2479 917 2519; x_wconf 86' lang='lat' dir='ltr'>raro</span> <span class='ocrx_word' id='word_1_203' title='bbox 932 2463 1068 2537; x_wconf 86' lang='lat' dir='ltr'>vestigiis</span> <span class='ocrx_word' id='word_1_204' title='bbox 1088 2462 1202 2521; x_wconf 86' lang='lat' dir='ltr'>calamo</span> 
     </span>
     <span class='ocr_line' id='line_1_27' title="bbox 185 2548 1202 2625; baseline 0.001 -18"><span class='ocrx_word' id='word_1_205' title='bbox 185 2551 348 2625; x_wconf 87' lang='lat' dir='ltr'>impressis,</span> <span class='ocrx_word' id='word_1_206' title='bbox 366 2550 462 2608; x_wconf 91' lang='lat' dir='ltr'>multo</span> <span class='ocrx_word' id='word_1_207' title='bbox 479 2552 597 2625; x_wconf 88' lang='lat' dir='ltr'>saepius</span> <span class='ocrx_word' id='word_1_208' title='bbox 616 2550 736 2608; x_wconf 90' lang='lat' dir='ltr'>omnino</span> <span class='ocrx_word' id='word_1_209' title='bbox 755 2568 815 2607; x_wconf 92' lang='lat' dir='ltr'>non</span> <span class='ocrx_word' id='word_1_210' title='bbox 828 2550 957 2624; x_wconf 85' lang='lat' dir='ltr'>perspici</span> <span class='ocrx_word' id='word_1_211' title='bbox 971 2553 1078 2624; x_wconf 89' lang='lat' dir='ltr'>potest.</span> <span class='ocrx_word' id='word_1_212' title='bbox 1101 2548 1202 2625; x_wconf 83' lang='lat' dir='ltr'>Atque</span> 
     </span>
    </p>
   </div>
   <div class='ocr_carea' id='block_1_5' title="bbox 186 2629 1327 2716">
    <p class='ocr_par' dir='ltr' id='par_1_5' title="bbox 186 2629 1327 2716">
     <span class='ocr_line' id='line_1_28' title="bbox 186 2629 1327 2716; baseline 0.001 -20"><span class='ocrx_word' id='word_1_213' title='bbox 186 2641 331 2714; x_wconf 89' lang='lat' dir='ltr'>quantum</span> <span class='ocrx_word' id='word_1_214' title='bbox 357 2638 469 2714; x_wconf 84' lang='lat' dir='ltr'>scripta</span> <span class='ocrx_word' id='word_1_215' title='bbox 491 2639 559 2714; x_wconf 88' lang='lat' dir='ltr'>ipsa</span> <span class='ocrx_word' id='word_1_216' title='bbox 582 2638 739 2698; x_wconf 86' lang='lat' dir='ltr'>obscurata</span> <span class='ocrx_word' id='word_1_217' title='bbox 758 2639 831 2713; x_wconf 86' lang='lat' dir='ltr'>sint,</span> <span class='ocrx_word' id='word_1_218' title='bbox 855 2657 889 2698; x_wconf 91' lang='lat' dir='ltr'>eo</span> <span class='ocrx_word' id='word_1_219' title='bbox 907 2639 1102 2716; x_wconf 89' lang='lat' dir='ltr'>intellegitur,</span> <span class='ocrx_word' id='word_1_220' title='bbox 1123 2637 1203 2714; x_wconf 89' lang='lat' dir='ltr'>quod</span> <span class='ocrx_word' id='word_1_221' title='bbox 1326 2629 1327 2664; x_wconf 66' lang='lat'>³</span> 
     </span>
    </p>
   </div>
   <div class='ocr_carea' id='block_1_6' title="bbox 186 2727 1203 3073">
    <p class='ocr_par' dir='ltr' id='par_1_6' title="bbox 186 2727 1203 3073">
     <span class='ocr_line' id='line_1_29' title="bbox 187 2727 1202 2806; baseline 0 -21"><span class='ocrx_word' id='word_1_222' title='bbox 187 2729 305 2802; x_wconf 87' lang='lat' dir='ltr'>saepius</span> <span class='ocrx_word' id='word_1_223' title='bbox 323 2729 382 2785; x_wconf 88' lang='lat' dir='ltr'>viri</span> <span class='ocrx_word' id='word_1_224' title='bbox 401 2728 481 2787; x_wconf 89' lang='lat' dir='ltr'>docti</span> <span class='ocrx_word' id='word_1_225' title='bbox 494 2729 622 2806; x_wconf 82' lang='lat' dir='ltr'>vestigia</span> <span class='ocrx_word' id='word_1_226' title='bbox 640 2728 809 2786; x_wconf 89' lang='lat' dir='ltr'>litterarum</span> <span class='ocrx_word' id='word_1_227' title='bbox 827 2727 886 2786; x_wconf 88' lang='lat' dir='ltr'>sibi</span> <span class='ocrx_word' id='word_1_228' title='bbox 903 2727 1048 2786; x_wconf 81' lang='lat' dir='ltr'>detexisse</span> <span class='ocrx_word' id='word_1_229' title='bbox 1062 2727 1202 2786; x_wconf 87' lang='lat' dir='ltr'>videban-</span> 
     </span>
     <span class='ocr_line' id='line_1_30' title="bbox 186 2815 1203 2892; baseline 0 -17"><span class='ocrx_word' id='word_1_230' title='bbox 186 2819 245 2892; x_wconf 90' lang='lat' dir='ltr'>tur,</span> <span class='ocrx_word' id='word_1_231' title='bbox 265 2835 342 2892; x_wconf 89' lang='lat' dir='ltr'>quae</span> <span class='ocrx_word' id='word_1_232' title='bbox 356 2817 404 2876; x_wconf 88' lang='lat' dir='ltr'>vel</span> <span class='ocrx_word' id='word_1_233' title='bbox 422 2836 585 2892; x_wconf 90' lang='lat' dir='ltr'>numquam</span> <span class='ocrx_word' id='word_1_234' title='bbox 604 2819 767 2876; x_wconf 85' lang='lat' dir='ltr'>extiterunt</span> <span class='ocrx_word' id='word_1_235' title='bbox 784 2816 832 2875; x_wconf 88' lang='lat' dir='ltr'>vel</span> <span class='ocrx_word' id='word_1_236' title='bbox 851 2817 883 2874; x_wconf 92' lang='lat' dir='ltr'>in</span> <span class='ocrx_word' id='word_1_237' title='bbox 897 2834 982 2876; x_wconf 86' lang='lat' dir='ltr'>verso</span> <span class='ocrx_word' id='word_1_238' title='bbox 1001 2816 1075 2877; x_wconf 89' lang='lat' dir='ltr'>folio</span> <span class='ocrx_word' id='word_1_239' title='bbox 1089 2815 1203 2892; x_wconf 84' lang='lat' dir='ltr'>scripta</span> 
     </span>
     <span class='ocr_line' id='line_1_31' title="bbox 187 2905 1202 2981; baseline 0 -17"><span class='ocrx_word' id='word_1_240' title='bbox 187 2908 218 2964; x_wconf 93' lang='lat' dir='ltr'>et</span> <span class='ocrx_word' id='word_1_241' title='bbox 231 2908 402 2981; x_wconf 88' lang='lat' dir='ltr'>transpecta</span> <span class='ocrx_word' id='word_1_242' title='bbox 417 2907 511 2964; x_wconf 92' lang='lat' dir='ltr'>aciem</span> <span class='ocrx_word' id='word_1_243' title='bbox 521 2905 673 2964; x_wconf 87' lang='lat' dir='ltr'>oculorum</span> <span class='ocrx_word' id='word_1_244' title='bbox 687 2906 866 2965; x_wconf 89' lang='lat' dir='ltr'>fefellerunt.</span> <span class='ocrx_word' id='word_1_245' title='bbox 881 2905 993 2964; x_wconf 84' lang='lat' dir='ltr'>Tamen</span> <span class='ocrx_word' id='word_1_246' title='bbox 1005 2905 1061 2964; x_wconf 93' lang='lat' dir='ltr'>hoc</span> <span class='ocrx_word' id='word_1_247' title='bbox 1070 2905 1202 2964; x_wconf 87' lang='lat' dir='ltr'>animad-</span> 
     </span>
     <span class='ocr_line' id='line_1_32' title="bbox 187 2993 1203 3073; baseline 0 -20"><span class='ocrx_word' id='word_1_248' title='bbox 187 2994 365 3054; x_wconf 88' lang='lat' dir='ltr'>vertendum</span> <span class='ocrx_word' id='word_1_249' title='bbox 383 2997 428 3055; x_wconf 89' lang='lat' dir='ltr'>est</span> <span class='ocrx_word' id='word_1_250' title='bbox 445 2995 614 3073; x_wconf 84' lang='lat' dir='ltr'>fragmenta</span> <span class='ocrx_word' id='word_1_251' title='bbox 628 2994 776 3053; x_wconf 88' lang='lat' dir='ltr'>Vaticana</span> <span class='ocrx_word' id='word_1_252' title='bbox 789 2995 885 3054; x_wconf 89' lang='lat' dir='ltr'>multo</span> <span class='ocrx_word' id='word_1_253' title='bbox 903 2993 1008 3054; x_wconf 89' lang='lat' dir='ltr'>melius</span> <span class='ocrx_word' id='word_1_254' title='bbox 1028 2997 1203 3055; x_wconf 84' lang='lat' dir='ltr'>conservata</span> 
     </span>
    </p>
   </div>
   <div class='ocr_carea' id='block_1_7' title="bbox 186 3164 1202 3588">
    <p class='ocr_par' dir='ltr' id='par_1_7' title="bbox 186 3164 1202 3432">
     <span class='ocr_line' id='line_1_33' title="bbox 237 3164 1202 3246; baseline 0 -30"><span class='ocrx_word' id='word_1_255' title='bbox 237 3235 242 3246; x_wconf 29' lang='grc' dir='ltr'><em>ι</em></span> <span class='ocrx_word' id='word_1_256' title='bbox 260 3166 285 3246; x_wconf 75' lang='lat'>1)</span> <span class='ocrx_word' id='word_1_257' title='bbox 306 3165 390 3219; x_wconf 76' lang='lat' dir='ltr'>Peleo</span> <span class='ocrx_word' id='word_1_258' title='bbox 424 3165 535 3233; x_wconf 80' lang='lat' dir='ltr'>aphical</span> <span class='ocrx_word' id='word_1_259' title='bbox 548 3164 662 3234; x_wconf 77' lang='lat' dir='ltr'>Society,</span> <span class='ocrx_word' id='word_1_260' title='bbox 679 3165 827 3246; x_wconf 70' lang='lat' dir='ltr'>focaioulea</span> <span class='ocrx_word' id='word_1_261' title='bbox 841 3164 875 3230; x_wconf 82' lang='lat' dir='ltr'>os</span> <span class='ocrx_word' id='word_1_262' title='bbox 881 3165 1066 3232; x_wconf 70' lang='lat' dir='ltr'>oroncacrspta</span> <span class='ocrx_word' id='word_1_263' title='bbox 1084 3165 1142 3220; x_wconf 78' lang='lat' dir='ltr'>aad</span> <span class='ocrx_word' id='word_1_264' title='bbox 1159 3166 1202 3217; x_wconf 80' lang='lat' dir='ltr'>in-</span> 
     </span>
     <span class='ocr_line' id='line_1_34' title="bbox 186 3234 1105 3318; baseline 0 -30"><span class='ocrx_word' id='word_1_265' title='bbox 186 3241 341 3302; x_wconf 70' lang='lat' dir='ltr'>scriptione.</span> <span class='ocrx_word' id='word_1_266' title='bbox 374 3307 379 3316; x_wconf 32' lang='grc' dir='ltr'>Ι</span> <span class='ocrx_word' id='word_1_267' title='bbox 406 3236 670 3319; x_wconf 66' lang='grc'>0100001870-83.</span> <span class='ocrx_word' id='word_1_268' title='bbox 707 3234 817 3289; x_wconf 79' lang='lat' dir='ltr'>ISercc</span> <span class='ocrx_word' id='word_1_269' title='bbox 835 3237 885 3291; x_wconf 88' lang='grc'>001.</span> <span class='ocrx_word' id='word_1_270' title='bbox 896 3237 945 3318; x_wconf 75' lang='lat'>11,</span> <span class='ocrx_word' id='word_1_271' title='bbox 956 3235 1030 3317; x_wconf 73' lang='lat' dir='ltr'>plote</span> <span class='ocrx_word' id='word_1_272' title='bbox 1045 3239 1105 3290; x_wconf 81' lang='lat'><em>112.</em></span> 
     </span>
     <span class='ocr_line' id='line_1_35' title="bbox 189 3305 1201 3432; baseline -0.001 -72"><span class='ocrx_word' id='word_1_273' title='bbox 189 3306 456 3432; x_wconf 46' lang='lat' dir='ltr'>Mpgiygoosseffm</span> <span class='ocrx_word' id='word_1_274' title='bbox 477 3313 588 3376; x_wconf 73' lang='lat' dir='ltr'>scripsit</span> <span class='ocrx_word' id='word_1_275' title='bbox 607 3306 634 3361; x_wconf 87' lang='lat'>0.</span> <span class='ocrx_word' id='word_1_276' title='bbox 658 3307 832 3360; x_wconf 74' lang='lat' dir='ltr'>Bracmann.</span> <span class='ocrx_word' id='word_1_277' title='bbox 877 3307 1050 3360; x_wconf 71' lang='grc' dir='ltr'>1101000αά</span> <span class='ocrx_word' id='word_1_278' title='bbox 1068 3305 1201 3362; x_wconf 76' lang='grc'>1111011100.</span> 
     </span>
    </p>

    <p class='ocr_par' dir='ltr' id='par_1_8' title="bbox 259 3447 1201 3588">
     <span class='ocr_line' id='line_1_36' title="bbox 260 3447 1201 3518; baseline 0.004 -20"><span class='ocrx_word' id='word_1_279' title='bbox 260 3449 287 3517; x_wconf 85' lang='grc'>3)</span> <span class='ocrx_word' id='word_1_280' title='bbox 306 3448 434 3502; x_wconf 81' lang='lat' dir='ltr'>Zeitccbr.</span> <span class='ocrx_word' id='word_1_281' title='bbox 449 3448 499 3514; x_wconf 69' lang='lat' dir='ltr'>fiir</span> <span class='ocrx_word' id='word_1_282' title='bbox 515 3449 663 3502; x_wconf 77' lang='grc'>0010110101.</span> <span class='ocrx_word' id='word_1_283' title='bbox 727 3450 851 3502; x_wconf 74' lang='lat' dir='ltr'>canocice</span> <span class='ocrx_word' id='word_1_284' title='bbox 865 3448 925 3502; x_wconf 89' lang='lat' dir='ltr'>LV</span> <span class='ocrx_word' id='word_1_285' title='bbox 936 3451 1047 3516; x_wconf 78' lang='lat'>(1904),</span> <span class='ocrx_word' id='word_1_286' title='bbox 1063 3465 1091 3518; x_wconf 83' lang='lat' dir='ltr'>p.</span> <span class='ocrx_word' id='word_1_287' title='bbox 1107 3453 1162 3504; x_wconf 82' lang='lat'>757</span> <span class='ocrx_word' id='word_1_288' title='bbox 1171 3447 1201 3516; x_wconf 74' lang='lat' dir='ltr'>ff.</span> 
     </span>
     <span class='ocr_line' id='line_1_37' title="bbox 259 3519 1099 3588; baseline 0.002 -16"><span class='ocrx_word' id='word_1_289' title='bbox 259 3520 286 3587; x_wconf 79' lang='lat'>4)</span> <span class='ocrx_word' id='word_1_290' title='bbox 304 3519 479 3573; x_wconf 70' lang='grc'>0101000100</span> <span class='ocrx_word' id='word_1_291' title='bbox 498 3521 627 3574; x_wconf 74' lang='lat' dir='ltr'>Moerum</span> <span class='ocrx_word' id='word_1_292' title='bbox 645 3519 682 3573; x_wconf 90' lang='lat' dir='ltr'>N.</span> <span class='ocrx_word' id='word_1_293' title='bbox 723 3560 728 3572; x_wconf 95' lang='lat'><em>.</em></span> <span class='ocrx_word' id='word_1_294' title='bbox 748 3519 824 3572; x_wconf 89' lang='lat' dir='ltr'>LIX</span> <span class='ocrx_word' id='word_1_295' title='bbox 842 3522 949 3588; x_wconf 78' lang='lat'>(1904),</span> <span class='ocrx_word' id='word_1_296' title='bbox 963 3537 994 3588; x_wconf 83' lang='lat' dir='ltr'>p.</span> <span class='ocrx_word' id='word_1_297' title='bbox 1004 3523 1060 3574; x_wconf 77' lang='lat'>239</span> <span class='ocrx_word' id='word_1_298' title='bbox 1068 3522 1099 3588; x_wconf 83' lang='lat' dir='ltr'>ff.</span> 
     </span>
    </p>
   </div>
   <div class='ocr_carea' id='block_1_8' title="bbox 0 0 1345 3876">
    <p class='ocr_par' dir='ltr' id='par_1_9' title="bbox 0 0 1345 3876">
     <span class='ocr_line' id='line_1_38' title="bbox 0 0 1345 3876; baseline 0 0"><span class='ocrx_word' id='word_1_299' title='bbox 0 0 1345 3876; x_wconf 95' lang='lat' dir='ltr'> </span> 
     </span>
    </p>
   </div>
  </div>
 </body>
</html>
