2670 3876
165 189 209 254 26
414 189 455 242 IN
478 188 640 244 CLODIUM
662 188 709 242 ET
733 188 931 244 CURIONEM.

163 359 274 418 banos
297 360 351 432 ita,
373 360 408 416 ut
430 358 463 416 in
486 376 517 417 se
539 359 693 435 ingenium
720 356 836 417 sobriae
859 359 993 432 virtutis,
1021 358 1054 414 in
1078 355 1182 416 Clodio

163 448 277 506 indicia
298 447 452 506 foeditatis
477 450 507 505 et
530 446 673 506 dedecora
695 446 871 521 proscribet.

57 531 148 600 Frgm·
231 537 293 609 Tu,
318 538 379 611 qui
401 536 550 595 indutus
574 534 745 594 muliebri
767 538 867 594 veste
890 536 1012 594 fueris.

60 601 150 654 XXIII
230 623 358 683 Videtur
380 626 460 684 enim
480 623 600 684 Clodius
622 623 728 684 habitu
750 622 890 682 muliebri
913 642 1015 682 sexum
1038 624 1180 682 mentitus

162 717 333 789 penetrasse
355 713 476 773 domum
496 711 526 772 C.
542 711 686 787 Caesaris,
709 715 743 771 ut
761 713 908 772 incestum
926 711 980 772 sub
999 712 1056 770 hac
1076 711 1179 771 fraude
1208 731 1220 770 s

163 805 370 862 committeret.
425 802 462 861 Id
494 801 671 861 describitur
703 845 768 874 ...,
804 803 839 859 ut
870 802 971 859 omnia
1003 801 1180 860 liniamenta

163 892 358 968 turpitudinis
383 891 567 968 detegantur.

56 976 148 1044 ΡΨ·
231 979 315 1039 Cum
337 981 521 1039 calantica
545 981 660 1054 capiti
683 979 1023 1038 accommodaretur.

60 1045 149 1099 XXIV
306 1087 412 1146 genus,
440 1087 499 1143 quo
522 1069 650 1126 feminae
673 1068 774 1143 capita
796 1065 950 1140 velabant,
978 1067 1034 1125 hoc
1060 1068 1180 1125 nomine

162 1157 321 1218 ferebatur.
369 1157 409 1215 Et
426 1155 570 1216 Afranius
593 1156 731 1214 meminit
752 1157 785 1213 in
809 1153 1044 1215 Consobrinis
1067 1157 1112 1213 ita
1136 1155 1179 1213 di·
1194 1173 1220 1213 ro

162 1264 244 1304 cens:
283 1245 357 1304 Crem
388 1246 516 1313 mitteris,
548 1245 707 1305 cataclista
762 1243 907 1319 Inpudico
944 1245 1039 1321 igitur
1074 1243 1179 1303 babitu

163 1333 353 1392 erubescendi
375 1333 527 1393 dedecoris
556 1333 702 1408 quaedam
724 1332 821 1411 figura
848 1331 1034 1392 describitur.
1079 1331 1179 1407 Atque

161 1425 206 1481 ita
230 1441 261 1482 se
285 1425 315 1480 st
336 1424 369 1481 in
391 1421 518 1482 historia
540 1424 683 1497 temporis
706 1423 795 1481 huius
815 1423 1057 1481 commemoratio
1075 1420 1178 1479 habet:

163 1510 193 1570 C.
219 1509 354 1571 Caesaris
386 1511 535 1587 pontificis
563 1513 688 1570 maximi
717 1511 863 1587 praetoris
894 1511 975 1569 domi
1000 1509 1179 1570 sacrificium

162 1601 304 1660 sollemne
341 1619 395 1676 pro
426 1602 538 1675 populo
569 1599 668 1658 fiebet.
723 1599 790 1660 Huc
821 1599 869 1658 vir
901 1602 1008 1658 ornatu
1040 1597 1179 1657 muliebri
1194 1615 1219 1655 re

162 1688 242 1765 quod
277 1690 447 1763 introierat,
490 1689 669 1748 sacrificium
709 1689 910 1748 instauratum
947 1690 999 1746 est.
1059 1687 1116 1746 Res
1141 1687 1180 1745 ad

161 1781 298 1838 senatum
326 1778 426 1837 delata
453 1781 505 1836 est.
552 1777 656 1836 Patres
685 1775 845 1836 conscribti
861 1776 1080 1851 decreverunt,
1103 1770 1179 1854 (ut)

161 1867 197 1927 de
230 1886 265 1926 ea
294 1886 326 1925 re
353 1884 413 1925 non
441 1866 529 1925 aliter
557 1885 647 1941 quum
675 1865 711 1924 de
738 1867 854 1925 incestu
884 1868 1082 1940 quaereretur.
1134 1864 1178 1922 Eo

161 1957 285 2014 crimine
322 1973 389 2013 reus
430 1955 527 2013 factus
570 1958 615 2013 est
656 1954 688 2012 P.
722 1953 842 2014 Clodius
879 1954 1006 2013 Pulcher
1047 1953 1178 2013 delatore

160 2043 193 2101 L.
217 2043 357 2116 Lentulo,
386 2044 439 2118 qui
466 2044 568 2101 consul
591 2044 651 2100 fuit
678 2046 747 2119 post
773 2061 841 2101 cum
870 2041 899 2101 C.
923 2043 1078 2116 Marcello,
1110 2040 1178 2102 sub·
1192 2059 1219 2099 so

161 2131 357 2191 scribentibus
382 2129 434 2190 Cn.
458 2135 488 2190 et
509 2131 543 2189 L.
568 2131 711 2191 Lentulis.
757 2130 890 2206 Aurelia,
915 2129 1049 2191 Caesaris
1073 2134 1177 2205 mater,

160 2221 246 2280 testis
269 2221 302 2277 in
324 2219 435 2279 iudicio
460 2221 563 2279 audite
586 2223 639 2280 est.
686 2221 731 2278 lle
751 2239 805 2295 pro
828 2221 1000 2280 testimonio
1024 2221 1101 2279 dixit
1124 2237 1176 2279 suo

161 2311 245 2368 iussu
264 2327 331 2366 eum
350 2327 413 2368 esse
432 2309 601 2383 dimissum3
625 2309 704 2368 idem
723 2308 800 2367 dixit
819 2308 907 2383 Iulia,
930 2327 1014 2368 soror
1034 2307 1175 2368 Caesaris.

162 2398 202 2456 Et
223 2400 326 2456 tamen
347 2400 417 2471 post
439 2398 512 2456 haec
535 2397 688 2457 absolutus
712 2400 765 2456 est.

53 2478 146 2602 Fffi·
229 2484 354 2560 Credo,
385 2490 577 2561 postquam
609 2487 791 2562 speculum
823 2484 894 2544 tibi
922 2486 1082 2544 adlatum
1110 2489 1176 2558 est,
1191 2500 1217 2540 ae

161 2576 267 2652 longe
290 2577 324 2633 te
348 2593 366 2634 a
388 2575 551 2650 pulchris
576 2575 700 2634 abesse
724 2576 882 2635 sensisti.

226 2663 430 2723 Festivissime
463 2665 553 2722 simul
581 2668 611 2723 et
638 2663 827 2722 nobilitatem
855 2664 970 2741 generis
998 2664 1178 2721 infamatam

160 2754 191 2810 et
213 2771 309 2812 mores
332 2754 475 2812 femineos
498 2755 531 2811 in
554 2754 668 2828 speculi
690 2753 940 2827 contemplatione
963 2751 1088 2825 detexit,
1118 2769 1177 2826 quo

159 2843 251 2899 ferme
284 2841 323 2900 ad
354 2842 567 2917 explorandam
599 2859 686 2900 curae
718 2859 789 2900 suae
821 2841 1011 2918 diligentiam
1037 2840 1176 2898 mulieres

160 2932 206 2988 uti
228 2929 333 2988 solent.
379 2930 460 3009 Ergo
488 2934 518 2989 et
545 2930 733 2990 inliberalem
760 2929 887 3008 figuram
910 2929 1018 3005 probro
1042 2928 1124 2987 dedit
1147 2930 1177 2986 et
1191 2943 1217 2983 ao

159 3020 307 3077 maiorum
330 3036 452 3078 suorum
475 3019 710 3078 dissiinillinrum
728 3021 911 3078 contestatus
931 3021 983 3076 est.
1020 3018 1100 3075 Nam
1118 3018 1177 3075 fuit

159 3107 215 3167 hoc
239 3105 381 3165 Claudiae
413 3109 548 3167 familiae
576 3126 739 3186 cognomen
770 3108 904 3167 inlustre.
951 3105 1067 3182 Quippe
1100 3107 1176 3165 anti-

228 3281 243 3329 2
257 3276 414 3343 perscribat
423 3275 456 3332 st
526 3275 713 3330 dinoscetum
729 3277 752 3331 C
821 3275 1175 3331 clcc.uu.liu.=161itt.

160 3347 325 3401 διατυπώεει
339 3349 510 3413 προεώπουῖ
591 3352 607 3400 8
626 3346 704 3415 capit
720 3347 743 3401 C
821 3352 836 3399 9
856 3347 906 3401 loe.
921 3347 973 3416 2¹s,
985 3363 1033 3400 cm.
1045 3371 1078 3390 =
1094 3351 1111 3400 7
1124 3347 1176 3399 litt.

160 3419 263 3482 κὸεμου
278 3417 419 3487 supptlp
474 3424 506 3471 12
526 3417 634 3472 decoris
650 3418 723 3484 Cmo,
739 3434 807 3473 corr.
823 3417 855 3472 St
909 3422 941 3470 17
962 3415 1037 3489 (ut)
1051 3416 1178 3470 Niebuhr

159 3504 202 3542 mo
276 3492 309 3540 18
327 3488 499 3542 incaestuO
575 3493 606 3542 19
626 3487 664 3543 Cl.
682 3489 745 3544 Cmc
822 3493 856 3541 22
876 3489 975 3541 audite
991 3488 1033 3558 Zp
1051 3486 1092 3541 its
1108 3487 1131 3542 C
1146 3487 1176 3540 in

160 3557 297 3611 iudicium
306 3557 394 3611 citata
404 3575 446 3612 mo
457 3559 538 3613 Beier
603 3565 637 3613 25
648 3559 761 3628 speculo
773 3560 797 3615 C
856 3564 891 3612 29
901 3559 1007 3628 figurae
1017 3574 1085 3612 suae
1095 3558 1178 3612 Beier
