2670 3876
545 172 656 241 Fragm.
677 178 772 226 2-14.
1126 170 1170 235 23

176 340 362 488 ,Alssffi
412 360 576 418 magnum
627 341 800 416 quendam
850 341 1028 399 cumulum
1074 331 1276 453 aerisFffim-

192 451 267 488 1111

153 450 171 490 a
210 450 299 594 equod
322 537 383 577 non
401 521 501 595 posset
519 519 579 578 nisi
597 520 731 577 omnium
749 519 971 593 provinciarum
989 516 1168 592 spoliatione
1184 556 1186 560 -

152 608 284 667 dissolvi.

123 724 137 764 s
222 705 405 784 Ingemuit
428 706 574 782 gravius
598 704 764 763 timidior
788 703 932 779 quidam
955 703 1122 762 creditor.
1181 695 1275 764 Fsgm·

217 794 263 852 Ne
300 795 461 868 quaesieris
498 796 561 853 eius
593 811 766 869 personam,
803 791 839 850 de
872 811 930 867 quo
962 791 1081 850 videtur
1112 792 1168 850 boc
1215 765 1240 818 X

151 883 256 941 dicere.
310 882 390 941 Nam
422 883 600 960 generaliter
631 881 732 960 fingit,
764 884 798 939 ut
830 881 998 955 desperatio
1025 881 1168 956 pecuniae

150 971 369 1046 recuperandae
415 973 650 1030 constemaverit
695 971 855 1029 creditores
899 971 961 1028 eius
1003 971 1168 1028 metuentes
1206 1001 1209 1010 .

151 1061 264 1119 scilicet
285 1060 455 1118 revertendi
477 1061 661 1119 tarditatem.

110 1176 138 1216 ιο
218 1155 421 1216 Confirmat
461 1176 496 1216 se
538 1159 697 1217 comitiis
743 1154 995 1216 consularibus
1037 1146 1274 1216 Romae‘Frgffl-

150 1246 320 1304 futurum.
1211 1217 1249 1270 XI

216 1334 345 1394 Aculeus
369 1337 414 1393 est
437 1336 622 1410 asperitatis,
649 1354 720 1393 nam
747 1335 897 1409 plerisque
920 1336 952 1392 in
979 1334 1052 1393 locis
1076 1335 1167 1392 inter-

149 1441 249 1482 versas
282 1421 321 1481 ab'
352 1423 455 1482 eodem
483 1421 586 1482 (llodio
614 1425 789 1482 criminatus
817 1425 863 1481 est
894 1423 1034 1497 pecunias
1067 1423 1167 1481 candi·

149 1512 296 1570 datorum.
400 1535 403 1542 ·

108 1627 134 1668 15
216 1610 330 1669 Tanto
372 1611 472 1686 prius
514 1609 556 1668 ad
594 1611 772 1668 aerarium
809 1609 922 1681 venit,
963 1609 1002 1664 ut
1038 1605 1091 1665 ibi
1126 1597 1274 1666 neFrllm·

149 1697 304 1757 scribam
328 1698 471 1773 quidem
495 1717 707 1773 quemquam
733 1697 944 1756 offenderet.
1200 1668 1251 1722 ΧΠ

215 1794 299 1871 Aput
318 1797 467 1854 aerarium
485 1797 587 1855 sortiri
605 1796 774 1871 provincias
794 1797 824 1854 et
843 1797 1013 1870 quaestores
1033 1791 1169 1852 solebant

148 1887 179 1942 et
202 1882 328 1959 scribae,
356 1888 390 1943 ut
417 1904 472 1960 pro
500 1887 581 1944 certo
609 1888 780 1960 appareret,
807 1885 839 1942 in
868 1902 958 1959 quam
981 1883 1168 1959 provinciam

148 1973 196 2032 vel
220 1991 287 2031 cum
311 1991 369 2048 quo
392 1973 528 2048 praeside
551 1972 816 2049 proficiscerentur.
853 1971 1000 2031 Ardorem
1020 1971 1168 2047 quendam

106 2080 134 2120 ao
148 2062 259 2119 nimiae
278 2061 453 2136 cupiditatis
472 2064 574 2121 volens
594 2064 757 2138 exprimere
780 2063 937 2121 festinasse
957 2061 995 2120 ad
1018 2062 1168 2120 aerarium

149 2150 233 2224 dixit,
256 2153 291 2208 ut
314 2151 405 2209 etiam
428 2151 594 2210 scribarum
616 2152 805 2226 praeveniret
827 2149 997 2209 adventum.

216 2247 282 2317 Qui
306 2248 425 2306 omnia
448 2249 638 2307 sacrificia
660 2251 791 2307 nosset.
1180 2236 1272 2306 ΡΨ]-

214 2336 257 2395 Ut
279 2339 426 2396 incestum
446 2335 637 2415 significaret,
660 2337 756 2395 medie
780 2336 935 2412 suspendit
958 2337 1167 2411 elocutionem,
1193 2307 1257 2360 Xffl

148 2444 208 2484 non
231 2429 266 2484 ut
288 2427 464 2504 religionem
488 2425 703 2502 praetenderet,
726 2425 779 2484 sed
801 2428 836 2483 ut
858 2426 979 2483 crimen.

105 2540 133 2580 ss
217 2521 300 2582 (lum
327 2541 363 2582 se
387 2523 429 2582 ad
456 2523 595 2599 plebem
622 2524 781 2582 transire
804 2523 899 2581 velle
927 2522 1078 2597 diceret,
1106 2510 1272 2582 sedFrgffi

147 2612 277 2670 misere
301 2613 433 2670 fretum
455 2613 616 2671 transire
640 2615 794 2687 cuperet.
1056 2675 1058 2680 ,
1192 2581 1257 2634 ΧΝ

216 2698 363 2768 Quoniam
385 2702 521 2776 patriciis
545 2719 606 2759 non
628 2701 739 2759 licebat
755 2700 943 2758 tribunatum
963 2701 1004 2775 pl.
1024 2701 1166 2775 accipere,

147 2787 258 2848 idcireo
291 2807 322 2847 se
355 2788 475 2848 Clodius
512 2790 741 2848 denuntiaverat
774 2791 807 2846 in
838 2787 986 2864 plebeiam
1018 2789 1163 2847 familiam

147 2879 354 2952 transiturum,
377 2880 413 2936 ut
436 2878 561 2954 adeptus
583 2879 661 2937 hanc
683 2880 864 2954 potestatem
892 2878 928 2935 de
951 2879 1012 2937 suis
1035 2878 1165 2936 inimicis

106 2984 134 3025 eo
147 2966 358 3025 vindicaretur.
404 2967 449 3025 De
474 2961 572 3025 ‘freto'
599 2970 699 3025 autem
725 2966 804 3042 quod
828 2967 885 3041 ait,
907 2965 985 3024 illud
1007 2965 1165 3043 significat,

147 3074 206 3130 quo
231 3054 334 3114 Sicilia
358 3055 395 3114 ab
417 3055 509 3114 Italia
531 3059 700 3131 separatur:
727 3057 760 3113 in
787 3074 848 3130 qua
875 3073 905 3114 se
932 3055 1088 3129 provincia
1111 3052 1164 3113 sub

149 3141 179 3201 0.
189 3143 324 3222 Vergilio
348 3145 550 3222 gratularetur
571 3144 652 3203 idem
675 3144 810 3202 futurum
833 3162 895 3204 csse
918 3145 1115 3218 quaestorem.

214 3407 230 3455 5
258 3401 382 3470 quadam
410 3402 434 3456 0
521 3406 555 3454 23
583 3401 740 3470 significare
768 3402 791 3456 Ο
860 3400 965 3455 medies
995 3401 1018 3456 O
1042 3399 1166 3455 mediam

146 3489 203 3539 mo,
222 3489 289 3527 corr.
305 3473 388 3527 Kroll
477 3477 511 3525 25
537 3471 630 3526 dicere
651 3474 674 3528 Ο
762 3477 795 3526 29
815 3472 1087 3529 Tsousltutauu

148 3549 182 3596 30
205 3543 313 3599 illuto
392 3549 425 3596 32
452 3543 544 3598 eidem
566 3543 603 3598 Or
