2670 3876
573 217 588 278 s
608 217 721 267 40-42.
1113 216 1153 278 19

139 379 411 442 accusatoribus
453 379 586 439 delecti
632 381 675 438 ad
720 399 816 457 spem
863 380 1078 441 acerbitatis
1125 369 1174 442 et*

137 471 269 530 relicum.

206 558 314 618 Sensus
352 557 471 633 quidem
508 558 621 616 multae
657 556 847 616 obscuritatis
888 560 948 632 est,
985 559 1068 619 euius
1109 561 1154 618 in-

138 649 274 708 tellectus
298 649 341 706 sic
365 647 527 722 aperietur:
555 645 612 704 Per
634 645 711 703 illud
733 649 859 721 tempus,
883 664 950 704 cum
978 650 1055 706 esset
1077 649 1154 708 alius

112 738 257 812 epraeter
271 735 386 812 Syllam
404 753 482 810 reus,
501 736 554 809 qui
572 753 692 794 causam
711 733 747 792 de
766 735 797 793 vi
810 735 876 812 lege
894 733 1016 794 Plautia
1034 735 1153 812 diceret,

138 826 219 884 omni
250 823 352 884 labore
375 825 492 882 conisus
516 826 562 882 est
587 823 619 881 L.
644 822 827 898 TorquatuS,
858 825 893 881 ut
925 826 994 882 ante
1022 824 1153 882 iudicum

137 915 258 972 reiectio
285 911 370 971 fieret
397 912 436 971 ad
463 931 529 970 eam
557 913 770 990 cognitionem,
799 929 874 986 quae
899 911 934 970 de
957 913 1010 970 illo
1036 931 1153 987 quoque

137 1003 240 1061 futma
263 1003 340 1075 erat,
364 1002 416 1075 qui
438 998 609 1059 huiusmodi
631 1002 717 1058 reatu
739 999 905 1075 petebatur,
929 1003 959 1059 et
981 1001 1038 1060 boc
1066 1003 1153 1059 nimi·

137 1111 204 1149 rum
236 1108 270 1148 eo
302 1089 426 1149 consilio
451 1092 480 1147 ot
508 1089 673 1148 calliditate
695 1089 833 1164 perfecit,
861 1092 896 1147 ut
923 1088 1095 1149 melioribus
1123 1093 1154 1149 et

98 1199 123 1239 ro
137 1177 310 1238 iustioribus
334 1177 373 1236 ad
394 1179 480 1237 illam
504 1195 624 1237 causam
647 1176 794 1237 iudicibus
822 1178 938 1252 electe,
971 1180 1024 1253 qui
1051 1196 1152 1254 super·

137 1269 236 1326 essent
266 1267 432 1326 inmitiores
465 1269 495 1324 et
526 1268 625 1343 asperi
656 1266 782 1341 iudices,
820 1267 929 1341 quique
962 1266 999 1324 ab
1031 1267 1153 1325 illorum

137 1374 260 1415 numero
283 1356 409 1414 fuissent
426 1357 538 1430 reiecti,
562 1355 597 1414 de
616 1354 648 1413 P.
667 1354 751 1431 Sylla
769 1353 936 1414 iudicarent
954 1373 1009 1430 pro
1028 1359 1155 1414 natiuae

138 1463 208 1504 suae
231 1444 371 1503 videlicet
393 1444 555 1519 asperitate
581 1443 660 1502 huno
682 1444 731 1501 vel
758 1444 946 1501 innocentem
974 1442 1154 1502 damnaturi.

137 1533 182 1591 De
213 1551 264 1592 reo
296 1535 430 1591 metuens
463 1535 564 1591 orator
592 1533 625 1589 in
657 1531 801 1590 orationis
830 1533 910 1588 exitu
938 1534 1097 1606 praecavet
1124 1534 1154 1590 et

97 1641 122 1682 1s
136 1621 292 1700 invigilat,
321 1624 357 1680 ut
387 1619 549 1695 iudicibus,
582 1639 708 1696 quorum
736 1620 929 1694 asperitatem
955 1621 1076 1692 metuit,
1108 1621 1153 1676 in-

137 1711 232 1769 cutiat
268 1709 490 1785 verecundiam,
530 1710 706 1784 priusquam
743 1708 782 1767 ad
817 1707 954 1766 ferendas
991 1708 1153 1766 sententias

135 1801 215 1873 eant,
246 1801 281 1857 ut
312 1801 476 1857 metuentes
508 1798 654 1857 invidiam
685 1798 796 1855 nimiae
829 1795 970 1869 dundee,
1008 1797 1035 1854 si
1069 1814 1154 1854 reum

136 1906 249 1964 poenae
286 1886 467 1961 addixerint,
497 1888 560 1945 iam
591 1905 645 1962 pro
677 1887 731 1944 illo
763 1885 873 1946 sentire
905 1886 1057 1962 cogantur.
1113 1885 1154 1942 Et

136 1995 174 2034 ne
196 1977 252 2035 boo
274 1977 340 2052 ipso
363 1979 464 2034 tamen
487 1977 602 2035 animos
626 1993 728 2034 eorum
749 1973 894 2048 laederet,
922 1973 1157 2032 communicavit

96 2085 123 2124 so
136 2066 288 2124 fortunam
310 2065 454 2140 temporis
477 2065 524 2122 sui
547 2066 577 2122 et
600 2064 780 2137 consulatus,
804 2064 836 2121 in
861 2080 919 2137 quo
944 2063 1060 2138 etipse
1084 2079 1153 2119 oon·
1180 2051 1182 2056 ¹

137 2156 270 2212 traxerat
294 2154 380 2228 quasi
402 2153 492 2211 nimis
516 2151 638 2210 acerbae
661 2153 829 2210 severitatis
852 2150 998 2209 invidiam
1022 2149 1153 2225 dicitque
1255 2190 1258 2197 -

137 2244 170 2300 in
192 2259 347 2300 commune
366 2239 502 2300 omnibus
520 2239 741 2314 consulendum,
759 2242 794 2297 ut
811 2241 1001 2298 severitatem
1019 2240 1154 2312 nimiam,

139 2348 229 2405 quam
251 2331 394 2404 temporis
418 2330 594 2389 necessitate
617 2330 821 2404 suscepersmt,
843 2329 994 2404 praesenti
1016 2328 1153 2386 hmnani-

140 2421 204 2478 tate
226 2417 392 2477 mitificent.

98 2579 125 2620 s
458 2553 557 2638 <sao
581 2553 686 2620 suu
710 2552 834 2635 exos>

460 2661 530 2726 suc.
551 2659 586 2725 ιΝ
612 2661 644 2724 s.
664 2656 838 2726 (inuasu-

207 2834 234 2846 ..
255 2835 260 2846 .
285 2792 358 2866 aput
386 2788 513 2849 Graecos
620 2788 813 2846 nominantur
845 2786 1029 2844 continentia
1061 2785 1157 2844 ferme

137 2878 240 2938 laudes
273 2881 303 2936 et
332 2879 575 2954 vituperationes.
625 2876 694 2934 Non
726 2875 806 2932 enim
837 2875 882 2932 rei
913 2873 1104 2948 postulantur
1136 2893 1153 2930 a

138 2967 238 3026 Tullio
256 2968 305 3026 vel
324 2964 354 3025 (i.
370 2964 460 3025 Curio
482 2966 531 3023 vel
553 2964 586 3021 P.
602 2962 732 3037 Clodius,
755 2961 807 3022 sed
826 2963 967 3037 quoniam
987 2961 1155 3021 habuerant

97 3074 124 3114 so
137 3057 170 3114 in
188 3057 294 3115 senatu
309 3054 459 3130 quandam
472 3054 637 3132 iurgiosam
651 3051 891 3132 decertationem,
905 3051 1004 3110 visum
1018 3047 1154 3108 Ciceroni

138 3146 184 3202 est
213 3144 291 3203 hanc
323 3144 488 3202 orationem
520 3140 703 3201 conscribere
739 3141 860 3216 plenam
896 3139 960 3198 sine
996 3136 1086 3197 dubio
1124 3141 1154 3196 et

207 3301 239 3349 12
249 3294 369 3349 aneo
412 3273 711 3349 assuesceres
758 3297 790 3344 21
802 3290 903 3358 queso
930 3287 1108 3356 ussausoo

139 3371 172 3420 26
201 3366 279 3420 Haec
297 3371 336 3420 est
352 3363 515 3433 subscriptio
533 3363 565 3416 ia
585 3362 620 3428 O;
643 3367 777 3431 utsupra
791 3361 914 3433 popinas
932 3359 1119 3415 commentarii

140 3439 170 3491 ΙΝ
186 3436 370 3492 ΡιΰῑΟδΙΙΙΜ
385 3435 431 3488 ΕΤ
446 3433 620 3489 ΕΙΙΒΙΟΝΕΜ
653 3434 751 3503 tepitcr
812 3429 1152 3485 271o0.3lia.=48litt.

138 3507 197 3563 lact.
243 3507 293 3562 loo.
312 3505 364 3578 27,
385 3523 433 3562 om.
450 3507 483 3575 4-
503 3521 549 3560 wa.
570 3503 618 3558 lia.
634 3529 668 3550 -ι
686 3507 724 3558 20
742 3503 793 3558 titt.
848 3500 1031 3575 <huiusmodi
1049 3515 1154 3570 genera

139 3577 318 3650 orationum>
337 3579 407 3646 aput
426 3575 546 3631 Graecos
565 3574 757 3646 (ἐπαινοῦντα
775 3576 821 3628 καὶ
838 3571 985 3644 ψέγοντα)
1003 3585 1047 3625 mo

980 3658 993 3687 1

963 3664 979 3711 2
