2664 3886
189 227 232 291 64
581 226 653 281 PRO
677 226 816 281 MILONE

186 395 343 455 damnatus
381 396 419 455 ad
454 396 598 472 populum
633 398 808 473 provocavit
845 397 1055 473 absolutusque
1093 399 1138 456 est
1175 400 1205 455 at

185 488 286 544 tamen
304 486 417 561 expiari
438 487 544 544 iussus.
592 485 768 545 constituta
791 487 886 564 igitur
908 485 1022 545 duabus
1046 486 1106 545 aris
1129 485 1203 544 Iano

186 571 319 633 Curiatio
348 577 378 632 et
403 574 512 634 Iunoni
540 573 676 635 Sororiae
708 592 854 650 superque
886 592 935 632 eas
967 576 1077 634 iniecto
1103 574 1203 651 tigillo

184 661 328 722 Horatius
370 663 424 722 sub
464 665 568 742 iugum
604 663 758 723 traductus
796 667 848 724 est.
911 663 947 721 ld
984 665 1204 738 expiamentum

185 753 345 811 memoriae
368 755 519 811 servatum
542 753 580 811 ad
602 753 681 811 hunc
703 771 796 828 usque
817 752 897 811 diem
919 752 1083 830 tigillum
1105 769 1202 814 soro·
1231 772 1244 814 5

185 842 277 900 rium
300 842 476 917 appellatur.

253 929 321 1000 Qui
342 931 496 990 nondum
518 931 636 1004 libera
658 931 819 989 civitate.

323 1019 419 1078 adhuc
441 1021 474 1077 in
496 1021 618 1079 servitio
641 1019 733 1078 trisse
755 1038 819 1077 rem
841 1038 869 1095 p.
889 1021 919 1077 et
940 1021 1041 1077 tamen
1063 1018 1202 1077 habuisse

185 1107 312 1167 liberum
334 1109 474 1184 spiritum
496 1107 532 1166 de
556 1110 706 1184 aequitate
730 1108 870 1167 facinoris
893 1106 1054 1166 iudicandi.

513 1230 643 1305 (Desara
664 1231 708 1290 II
720 1230 874 1307 paciaco.)
1217 1253 1245 1292 ιο

106 1366 165 1427 §a
337 1356 531 1415 Saturninum
558 1359 588 1415 et
615 1357 776 1415 Servilium
798 1353 954 1414 Glauciam
977 1354 1125 1432 Capitolio
1152 1354 1201 1414 de-

186 1445 289 1504 ductos
312 1445 440 1504 interfici
466 1447 563 1505 iussit.
606 1445 732 1504 Senatus
755 1445 882 1521 denique
905 1445 944 1503 M.
960 1445 1059 1505 Tullio
1082 1445 1202 1504 consule

184 1533 345 1594 Lentulum
377 1538 546 1612 ceterosque
575 1536 608 1594 in
635 1553 751 1594 carcere
778 1534 943 1610 puniendos
971 1535 1093 1594 censuit.
1143 1534 1201 1592 Ne-

185 1625 312 1685 cessario
343 1625 438 1702 igitur
471 1625 548 1683 hanc
584 1625 836 1683 enumerationem
867 1625 953 1699 facit,
990 1642 1049 1700 qua
1084 1623 1201 1698 plenius

185 1713 290 1773 doceat
311 1730 533 1790 nonnumquam
556 1713 658 1772 caedes
681 1715 746 1771 iure
769 1714 882 1789 optimo
904 1711 969 1771 fieri
991 1730 1085 1788 posse.
1219 1733 1244 1773 rs

251 1802 350 1878 Eum,
395 1803 456 1879 qui
501 1803 618 1879 patris
660 1801 863 1860 ulciscendi
903 1818 1013 1861 causa
1052 1803 1202 1860 matrem

185 1893 395 1950 necavisset.

252 1976 408 2040 Μυθῶδε(
444 1979 499 2039 hoc
536 1979 703 2053 exemplum
733 1978 830 2038 videri
861 1981 991 2054 poterat,
1028 1979 1064 2037 do
1096 1976 1201 2037 Oreste

185 2069 308 2143 scilicet,
332 2086 426 2145 aquo
450 2068 586 2127 adultera
608 2069 704 2126 mater
726 2069 823 2126 occisa
846 2071 903 2126 est:
926 2069 1024 2126 noluit
1048 2069 1201 2143 inprime

187 2159 365 2217 constituere
392 2175 446 2215 nec
471 2158 504 2215 in
528 2158 690 2233 postremo,
718 2156 770 2215 sad
796 2158 829 2214 in
845 2156 962 2230 medio,
989 2158 1024 2214 ut
1050 2157 1201 2232 utrimque
1216 2178 1244 2218 ao

255 2350 334 2413 lsqq.
352 2344 387 2410 cf.
410 2343 468 2398 Liv.
488 2342 501 2396 1
520 2348 561 2411 26,
582 2349 615 2398 12
644 2343 823 2398 absolverunt
849 2386 900 2400 ...
924 2343 1092 2414 imperatum
1115 2343 1201 2412 patri,

187 2417 220 2469 ut
238 2415 329 2468 lilium
347 2415 481 2484 expiaret.

254 2493 332 2555 asqq.
350 2488 385 2554 cf.
409 2487 507 2540 Festus
531 2487 548 2541 t.
567 2503 589 2542 c.
614 2486 669 2539 duo
692 2485 787 2555 tigilla
813 2485 897 2541 tertio
925 2485 1096 2554 superiacto,
1127 2500 1200 2554 qnae

187 2559 268 2627 pater
290 2557 350 2611 eins
374 2558 571 2624 constituerat,
596 2556 674 2611 velut
696 2558 748 2611 sub
771 2556 869 2626 iugum
891 2557 992 2610 missus
1017 2557 1106 2623 subit,
1135 2573 1200 2612 con-

187 2629 358 2698 secratisque
376 2629 418 2684 ibi
436 2629 492 2684 aris
510 2627 609 2683 Iunoni
629 2628 756 2683 Sororiae
775 2630 804 2683 et
821 2627 889 2683 Iano
906 2627 1029 2684 Curiatio
1051 2670 1100 2683 ...

253 2703 323 2769 δεῖ.
347 2700 404 2755 Liv.
423 2701 502 2769 lae,
523 2706 556 2755 13
579 2700 609 2754 id
632 2699 717 2754 hodie
744 2714 855 2768 quoque
883 2698 995 2770 publice
1025 2715 1135 2768 semper
1156 2715 1199 2753 re-

187 2772 293 2828 fectum
311 2775 420 2840 manet;
439 2772 576 2827 sororium
594 2770 719 2841 tigillum
737 2773 845 2824 vocant.

254 2851 286 2897 11
305 2845 341 2911 cf.
364 2844 485 2913 Appian.
509 2844 535 2898 b.
556 2860 578 2897 c.
603 2842 676 2896 132.
718 2841 859 2897 Plutarch.
884 2841 990 2896 Marius
1016 2846 1049 2896 30
1078 2843 1121 2913 (ec
1148 2842 1199 2895 Li-

187 2913 251 2970 cio?
268 2916 303 2982 of.
322 2915 445 2985 perioeh.
465 2914 569 2983 LXIX).

254 3099 267 3146 1
297 3091 480 3148 causatus
508 3094 523 3148 tl
551 3108 585 3148 ec
613 3093 619 3144 l
647 3094 770 3148 correcto
842 3094 887 3146 eet
911 3091 998 3146 Halm
1083 3097 1099 3143 2
1128 3089 1199 3144 CON

187 3166 363 3274 saltastis
435 3161 583 3272 ὰΚΙὸΙὰΝΟ
673 3222 690 3270 4
714 3223 778 3285 post
796 3218 839 3271 est
858 3217 1032 3286 Opurcolrcm
1049 3215 1130 3272 habet

187 3291 364 3396 aglemaro
437 3345 453 3395 8
471 3342 520 3395 loo.
531 3344 548 3393 l
558 3341 591 3408 -l-
602 3340 652 3411 37,
663 3357 711 3394 om.
722 3347 772 3396 act
781 3340 831 3412 37,
842 3357 891 3395 osa.
902 3366 935 3386 ==
946 3344 982 3395 17
991 3347 1042 3396 aut
1055 3343 1072 3395 9
1086 3340 1138 3396 litt.
1153 3339 1201 3394 ἀπ’

188 3466 337 3520 ἐλάττονος
359 3465 462 3519 rosor?
522 3417 614 3517 ΚΕᾞΡ·
698 3470 729 3518 11
755 3463 961 3534 {ltuminumO
1012 3463 1080 3536 <hic
1103 3463 1200 3517 consul

189 3534 393 3608 Sa>turninum
410 3551 453 3589 mo
526 3539 558 3587 13
579 3533 818 3607 ΝΕΕΕὸὃὰΙΚΙΟὸ
892 3540 925 3590 18
944 3534 1054 3609 (quia)
1074 3538 1200 3603 μυθῶδες

188 3623 231 3662 mo
304 3610 336 3658 19
355 3604 386 3658 id
405 3605 437 3678 G,
457 3619 543 3673 supra
561 3603 591 3658 in
609 3607 698 3675 suppl.
771 3611 805 3660 20
826 3605 970 3673 uanumq-
