2670 3876
577 245 592 305 s
612 244 725 293 aa-no.
1118 239 1159 304 13

211 402 299 466 ‘Hoc
327 401 429 482 dico’,
452 409 586 484 inquit,
609 403 658 466 ‘te
685 427 760 468 esse
788 427 804 467 e
831 403 1047 484 municipio?
1093 409 1158 468 Fa·
1178 416 1194 476 ξ
1214 415 1255 463 23.

143 500 222 556 teor
245 498 280 555 et
303 496 392 556 addo
417 499 538 556 etiam:
562 516 601 556 ex
624 516 662 556 eo
686 498 896 573 municipio,
919 497 1010 556 unde
1028 499 1159 557 iterum

145 588 216 645 iam
238 586 335 646 salus
358 585 441 645 huic
464 585 544 644 urbi
566 588 790 663 imperioque
813 588 921 646 missa
945 589 1006 646 est.

212 720 254 733 ...
273 693 383 753 magna
401 694 469 734 cnm
487 676 584 754 gloria
597 674 729 735 subdidit
742 677 965 735 consensionem
979 676 1159 751 amplectens

118 765 302 840 emunicipii
333 766 380 824 sui
411 764 568 840 Arpinatis
600 765 750 843 egregiam
782 764 984 824 nobilitatem:
1020 764 1097 823 unde
1130 768 1160 823 et

147 850 177 911 0.
200 852 312 913 Marius
344 855 504 928 exstiterit,
536 853 682 912 bellorum
711 855 908 912 maximorum
939 855 1160 913 strenuissimus

146 943 250 1015 victor,
273 944 303 1000 et
325 943 398 1018 ipse,
420 943 504 1002 cuius
522 943 692 1002 consulatus
712 942 750 1002 ad
768 942 993 1019 opprimendam
1011 941 1161 1002 Catilinae

147 1031 383 1090 coniurationem
405 1032 545 1092 salutaris
569 1032 719 1091 inluxerit.

212 1119 320 1179 Nemo
361 1121 457 1180 istuc
497 1121 536 1179 M.
575 1118 704 1180 Catoni
740 1123 830 1195 seni,
875 1140 974 1180 nemo
1012 1121 1159 1180 Tiberio

107 1231 133 1270 ro
148 1207 385 1284 Coruncanio,
408 1228 508 1268 nemo
530 1209 649 1270 Manio
673 1208 788 1269 Curio.

212 1297 251 1356 M.
276 1295 352 1358 (lato
378 1298 430 1357 ille
454 1297 610 1358 Censorius
634 1301 664 1358 et
687 1299 751 1357 Tib.
771 1297 974 1359 Coruncanius
1001 1300 1123 1358 fuerunt
1146 1318 1160 1356 e

146 1388 308 1463 municipio
337 1387 517 1462 Tusculan03
545 1388 662 1447 Manius
685 1406 773 1462 porro
798 1385 917 1462 Curius,
940 1389 993 1464 qui
1016 1388 1053 1446 de
1076 1388 1159 1447 Sam-

146 1475 258 1536 nitibus
290 1477 473 1552 triumfavit,
501 1477 619 1537 Sabinis
651 1475 793 1536 oriundus
825 1474 958 1550 videtin,
988 1476 1041 1534 ubi
1071 1479 1161 1536 etiam

31 1590 35 1600 ·
147 1565 245 1624 foculo
273 1565 409 1626 adsidens
438 1585 556 1639 aurum,
584 1564 641 1626 sibi
669 1564 749 1640 quod
774 1565 873 1624 hostes
901 1566 1086 1641 optulerunt,
1117 1584 1162 1624 re-

108 1675 133 1715 ss
147 1654 286 1729 pudiavit
320 1655 468 1715 confessus
492 1657 595 1714 votum
623 1653 680 1714 sibi
712 1672 774 1714 esse
805 1655 1013 1730 praecipuum,
1040 1672 1101 1712 non
1128 1657 1162 1712 ut

147 1745 210 1822 ipse
233 1743 338 1820 opibus
358 1743 509 1818 adflueret,
532 1743 584 1803 sed
601 1746 636 1803 ut
653 1745 820 1819 pecuniosis
837 1741 972 1803 hostibus
990 1745 1159 1819 imperaret.

214 1833 279 1892 Est
301 1834 394 1891 euim
416 1835 493 1910 ipsc
515 1835 676 1892 materno
701 1851 829 1910 genere
851 1833 1093 1908 municipalis.
1181 1835 1258 1897 §25-

214 1919 293 1990 Quos
324 1924 357 1980 in
388 1924 487 1981 totum
518 1922 668 1982 destruere
704 1939 764 1981 non
791 1923 906 1997 potuit,
939 1940 973 1980 ex
1000 1923 1086 1997 parte
1113 1920 1161 1980 de·

148 2011 264 2070 struxit.
310 2010 389 2070 Nam
416 2012 549 2070 familiae
576 2011 706 2070 Manliae
734 2012 843 2071 veteris
871 2012 991 2090 egregia
1020 2009 1162 2070 nobilitas

107 2098 310 2174 meminebat,
342 2101 394 2160 sed
421 2103 589 2160 maternum
625 2118 717 2178 genus
749 2101 921 2159 humilitare
953 2102 1076 2160 conatus
1109 2102 1162 2174 est,

150 2191 236 2264 quasi
257 2207 317 2248 non
340 2190 381 2249 sit
403 2189 450 2248 illi
476 2190 514 2248 ad
541 2190 686 2268 originem
704 2190 837 2265 parentis
856 2191 1011 2265 utriusque
1030 2189 1162 2267 dignitas

149 2279 307 2338 vetrstatis
332 2279 472 2354 aequalis.

215 2367 473 2427 Honestissimi
496 2368 650 2446 generis,
673 2366 734 2426 scd
755 2368 874 2426 tamen
897 2367 1079 2427 Asculani.

215 2455 358 2516 Asculum
385 2457 491 2516 civitas
520 2459 565 2516 est
590 2457 624 2514 in
645 2456 768 2530 Piceno,
795 2457 873 2516 unde
901 2458 992 2516 etiam
1015 2457 1163 2533 principia

108 2544 221 2604 rebelli
243 2546 361 2606 socialis
385 2547 528 2605 arserunt.

218 2702 249 2750 11
260 2713 315 2766 sqq.
339 2696 394 2751 Cic.
414 2714 464 2767 pro
478 2696 594 2751 Plancio
608 2696 672 2750 vm
687 2702 720 2750 20
742 2695 817 2750 Num
835 2695 948 2765 quando
966 2695 1044 2749 vides
1059 2695 1163 2750 Tuscu-

149 2767 246 2820 lanum
273 2767 396 2836 aliquem
424 2768 459 2822 de
486 2769 523 2821 M.
548 2767 653 2823 Catone
683 2810 746 2835 ...,
775 2786 843 2821 num
866 2767 901 2821 de
929 2767 969 2820 Ti.
990 2766 1163 2821 Conmoanio

150 2839 292 2908 municipe
306 2856 356 2893 suo
377 2881 417 2892 ...
437 2839 570 2910 gloriari?

218 2916 313 2979 licqq.
333 2909 388 2965 cio.
405 2909 473 2964 Cato
496 2911 587 2965 maior
604 2910 669 2965 XVI
687 2914 720 2964 to
748 2910 794 2963 M'.
810 2908 920 2977 Curius,
950 2927 1013 2963 oum
1032 2910 1067 2963 de
1086 2909 1164 2963 Sam-

150 2980 257 3034 nitibus
295 3023 301 3036 .
326 3024 360 3036 ..
398 2981 615 3052 triumphasset,
648 2980 826 3051 consumpsit
862 2983 1017 3036 extremum
1052 2983 1163 3050 tempus

151 3053 254 3106 aetatis
274 3096 279 3105 .
296 3096 301 3106 .
318 3096 323 3107 .
343 3054 380 3108 ud
403 3053 497 3108 focum
519 3052 629 3107 sedenti
649 3070 783 3123 magnum
805 3052 867 3106 auri
892 3051 1001 3122 pondus
1025 3051 1163 3106 Samnites

152 3141 216 3176 oum
235 3123 406 3193 attulissent,
424 3124 567 3193 repudiati
586 3126 663 3191 sunt;
682 3141 738 3178 non
756 3123 832 3178 enim
850 3140 949 3177 aurum
966 3123 1070 3177 babere
1084 3139 1164 3192 prae-

152 3194 259 3249 clarum
278 3195 332 3249 sibi
350 3195 439 3250 videri
458 3195 538 3261 dixit,
557 3196 606 3249 sed
625 3195 674 3263 eis,
693 3196 743 3264 qui
761 3195 905 3262 haberent,
924 3195 1070 3264 imperare.

222 3272 255 3320 24
274 3268 308 3333 cf.
328 3266 387 3321 Liv.
407 3283 464 3338 per.
484 3266 589 3320 LXXII.

221 3417 235 3463 1
255 3407 355 3478 inquid
371 3411 418 3465 (im
454 3426 488 3464 ex
505 3411 581 3464 codd.
594 3409 647 3464 Oia.
719 3415 737 3462 4
756 3411 806 3464 lue.
820 3426 869 3463 ue.
884 3410 932 3463 liu.
943 3435 977 3454 =
993 3414 1027 3464 16
1037 3410 1087 3464 litt.
1103 3427 1164 3476 (υγ-

152 3482 278 3549 χώρηαε,
300 3483 428 3550 αὔξη(ιεῖ
475 3486 507 3535 10
522 3480 646 3536 MarioG
711 3487 743 3535 11
758 3480 861 3534 ch.O
894 3479 1123 3534 Conuncaniust'

155 3557 188 3606 13
202 3551 348 3607 trifauitO
395 3558 428 3604 14
443 3551 518 3620 quod
528 3552 634 3606 sibime
685 3555 718 3605 17
733 3551 967 3620 ipseucodd.0ic.
1012 3556 1045 3604 18
1056 3567 1110 3618 quo
1121 3550 1164 3603 sin

153 3639 196 3677 mc
215 3624 290 3691 quod
304 3623 334 3676 in
350 3623 388 3678 Or
424 3623 599 3678 dextruxitu
646 3627 679 3675 19
693 3621 864 3692 aegregiaO
911 3628 944 3676 25
959 3623 1121 3676 exarserunt
1134 3622 1165 3678 st
