2664 3886
151 155 196 222 56
392 156 468 212 CUM
492 155 649 210 SENATUI
672 155 827 210 GRATIAS
850 155 933 211 EGIT

153 326 272 402 quando
295 324 382 385 rebus
405 325 482 384 nihii
505 325 664 402 depereat,
685 343 761 401 quae
789 326 852 386 sine
875 324 965 385 dubio
987 326 1020 384 in
1044 325 1170 384 aliarum

150 416 332 474 tractatione
363 414 537 490 reddentur,
568 434 639 474 nam
667 415 858 491 plurifariam
889 416 919 473 et
950 414 987 472 de
1014 415 1170 474 consulatu

153 522 205 563 suo
225 506 260 579 et
282 503 319 562 de
342 504 430 563 exilio
454 508 484 563 et
507 505 611 564 contra
633 503 758 562 eundern
782 502 918 562 Clodium
940 504 1093 563 locuturus
1117 506 1169 562 est.

154 591 379 653 Consideremus
402 593 497 670 igitur
521 638 571 651 ...

464 679 595 754 (Dcswot
617 681 692 739 XII
705 679 863 756 popinae.)
1190 699 1211 740 e

55 775 132 837 §15.
295 788 354 830 non
378 770 619 847 essedeoeptum
641 771 697 829 hac
720 771 911 830 simulatione
933 769 1060 844 Pisonis,
1083 788 1171 847 quern

153 860 272 936 penitus
292 860 446 938 cognitum
463 860 617 933 habuerit,
639 861 761 935 propter
785 878 925 937 generum
947 877 1034 918 suurn
1056 859 1171 918 scilicet

155 947 184 1008 O.
208 947 355 1023 Pisonem,
381 951 433 1024 qui
456 950 521 1008 erat
543 967 579 1006 ex
601 948 704 1006 eadem
726 948 856 1025 familia,
884 948 935 1007 sed
957 949 1101 1025 populum
1122 948 1171 1008 vel

152 1039 281 1097 maxime
312 1037 484 1112 deceptum,
521 1038 573 1112 qui
604 1037 703 1096 vultui
738 1039 834 1116 magis
867 1039 930 1098 eius
963 1056 1053 1114 quam
1083 1037 1170 1096 rebus

153 1126 328 1200 crediderit,
360 1127 395 1184 ut
427 1125 577 1184 consulem
608 1125 786 1204 designaret.
841 1124 925 1194 Quod
957 1145 1027 1186 vero
1060 1127 1104 1185 ait
1135 1125 1171 1183 de
1185 1145 1213 1184 ro

152 1216 287 1274 materno
304 1215 449 1291 sanguine
464 1214 671 1289 Transalpino,
690 1232 783 1290 aequo
802 1215 919 1290 plenius
933 1216 965 1273 in
980 1233 1015 1275 ea
1029 1216 1171 1289 oratione,

153 1322 229 1380 quae
255 1305 288 1360 in
311 1302 449 1363 Pisonem
475 1301 579 1362 habita
607 1305 664 1377 est,
692 1305 868 1362 continetur.
913 1303 982 1363 Non
1007 1304 1075 1363 vult
1101 1321 1171 1382 ergo

152 1393 265 1453 iudicio
287 1393 393 1469 populi
416 1393 566 1452 consulem
588 1392 702 1452 factum
723 1392 828 1466 videri,
851 1392 902 1451 sed
925 1410 1031 1452 errore.

56 1485 133 1546 516.
219 1481 252 1540 L.
276 1481 367 1542 Piso.

222 1617 249 1630 ..
266 1617 271 1628 .
295 1570 464 1630 Insectatur
481 1588 540 1630 non
561 1572 681 1630 tantum
697 1588 794 1630 mores
814 1571 886 1646 eius,
904 1569 956 1629 sed
974 1570 1066 1629 etiam
1083 1571 1170 1630 linia·
1185 1587 1213 1630 rs

152 1663 255 1721 menta
286 1661 385 1720 voltus
419 1663 449 1719 et
480 1677 597 1719 ornnem
627 1660 786 1735 habitum,
811 1676 869 1736 quo
902 1661 1082 1737 gravitatem
1112 1677 1172 1719 non

153 1750 312 1826 praeferat,
335 1749 387 1808 sed
409 1750 580 1808 mentiatur.
623 1745 726 1808 Oratio
751 1767 818 1807 cum
840 1748 1002 1808 acerbitate
1026 1748 1172 1808 stomachi

154 1840 306 1915 concepta,
329 1840 364 1897 ut
385 1839 460 1914 ipsis
475 1835 640 1896 'verborum
663 1836 859 1912 qualitatibus
879 1838 995 1897 animus
1016 1838 1171 1897 irascentis

155 1929 306 2004 appareat.
611 1978 613 1982 .
742 1982 744 1986 ,

222 2015 288 2073 Sed
320 2033 362 2072 ne
393 2014 495 2072 luctu
514 2014 669 2090 “quidem
706 2016 919 2074 acvestitu
950 2016 1003 2073 rei
1034 2034 1062 2091 p.
1091 2013 1213 2075 sub-ao

153 2123 285 2164 venlre.

222 2190 296 2251 (lum
336 2191 515 2250 decrevisset
555 2192 635 2250 enirn
676 2194 795 2252 senatus
836 2194 928 2252 vestis
967 2194 1171 2264 mutationem,

154 2281 294 2341 videlicet
317 2280 473 2339 adiuturus
497 2298 617 2340 causam
636 2278 795 2356 Ciceronis,
818 2282 855 2340 ab
877 2281 985 2340 iisdem
1003 2281 1170 2341 consulibus

224 2455 257 2503 10
267 2449 306 2516 in
319 2448 374 2503 Pis.
386 2448 485 2519 fragm.
499 2455 531 2503 10
550 2448 604 2503 Hic
614 2467 677 2504 cum
692 2466 708 2503 a
723 2451 804 2504 domo
815 2447 1001 2522 (profectus)
1010 2449 1173 2504 Placentiae

154 2521 227 2576 forte
242 2520 369 2576 consedit
383 2522 412 2574 et
425 2521 523 2590 paucis
533 2519 619 2594 <poet
632 2520 735 2592 annis>
745 2521 775 2574 in
789 2536 851 2575 eam
866 2521 1009 2575 civitatem
1075 2537 1171 2576 aecen-

155 2593 205 2647 dit.
248 2592 329 2646 Prius
353 2592 429 2645 enim
452 2590 562 2658 Gallus,
591 2592 656 2646 dein
680 2592 841 2646 Gallicanus
869 2592 939 2660 fuit,
962 2593 1000 2646 ad
1018 2594 1172 2646 extremum

156 2664 337 2718 Placentinus
355 2662 454 2718 haberi
477 2665 593 2732 coeptus
618 2665 668 2718 eet.
706 2663 804 2734 fragm.
826 2669 859 2717 14
940 2665 990 2717 tua
1008 2663 1058 2717 illa
1076 2664 1172 2718 nescio

156 2735 258 2803 quibus
282 2751 299 2788 a
326 2733 408 2787 terris
436 2736 586 2804 apportata
612 2735 704 2788 mater
726 2779 732 2788 .
754 2778 785 2789 ..
816 2740 902 2802 23,53
926 2751 942 2788 o
967 2734 1092 2789 familiae
1115 2751 1172 2789 non

156 2807 250 2860 dicam
277 2804 464 2874 (lalpumiae,¹
485 2806 533 2859 sed
561 2804 738 2872 Caluentiae,
770 2821 861 2874 neque
889 2805 972 2859 huius
999 2805 1089 2872 urbis,
1122 2806 1171 2859 sed

155 2876 315 2933 Placentini
333 2876 494 2945 municipii,
516 2891 607 2945 neque
626 2877 738 2947 paterni
756 2878 879 2948 generis,
903 2877 952 2931 sed
975 2876 1107 2931 bracatae
1126 2893 1173 2930 oo·

155 2948 299 3019 gnationie
332 2947 465 3001 dedecus!
526 2953 617 3016 26,ae
740 2964 755 3002 0
783 2948 895 3018 paterni
930 2948 1041 3017 generis
1075 2947 1172 3015 oblite,

155 3019 277 3073 materni
290 3018 337 3073 vix
354 3023 471 3073 memor!
491 3019 533 3074 ita
551 3020 653 3087 nescio,
673 3019 742 3089 quid
756 3020 829 3074 istuc
844 3019 977 3086 fractum,
998 3061 1039 3072 ...
1054 3018 1172 3073 inferius

157 3091 244 3145 etiam
265 3092 323 3215 get,
348 3108 432 3159 quam
455 3092 488 3144 ut
506 3090 710 3146 Mediolanensi
732 3106 881 3160 praecone,
901 3107 952 3145 avo
971 3093 1033 3158 tuo,
1054 3090 1172 3160 dignum

157 3179 216 3216 esse
234 3162 263 3216 vi
284 3163 372 3216 eatur.

224 3343 240 3391 6
272 3339 342 3405 iinon
367 3337 389 3390 O
441 3336 513 3408 <Ait
536 3337 587 3409 ee)
615 3354 671 3391 non
696 3354 739 3393 mo
830 3343 845 3391 7
877 3339 1008 3408 paenitus
1037 3338 1100 3393 Ocno

158 3467 190 3513 11
208 3407 534 3544 ΪΚὰΝῧὰΙΡΙΓῼὰΕῆΙΙΟ
607 3468 639 3515 15
660 3464 709 3517 lue.
725 3466 741 3516 5
756 3463 789 3531 -Ι-
805 3468 879 3518 lom.
894 3464 1174 3518 cellna=21cel

157 3536 176 3586 9
192 3532 242 3587 aaa
262 3532 412 3598 χλευαεμόε
430 3532 471 3586 cel
489 3536 633 3603 χλευαεμῷ
650 3535 739 3602 suppl.
753 3535 795 3604 Zp
