2670 3876
546 183 656 252 Ftagm,
677 189 790 237 15-22.
1129 184 1173 248 25

156 351 297 411 Removit
319 369 389 430 ergo
412 351 620 427 inpudentiam
642 351 884 427 reprehendentis
908 371 927 410 a
949 350 1081 412 moribus
1105 354 1175 427 suis,

157 460 194 500 ne
217 440 266 499 vel
288 439 431 516 superbus
454 441 503 499 vel
525 441 652 498 nimium
675 440 819 500 delicatus
843 439 996 499 habeatur.

224 529 290 588 Per
327 548 428 604 quem
465 527 670 588 hominibus
706 528 904 588 maioribus
936 531 1025 588 natu
1061 549 1102 588 ne
1139 522 1282 590 iangffl·

158 619 232 678 suis
270 618 411 693 quidem
447 617 609 692 praediis
650 621 750 690 tunc,
791 636 868 677 oum
908 618 1039 678 Romae
1080 619 1174 677 nihil
1199 592 1264 646 XIX

132 708 294 785 sugitur,
317 707 429 766 liceat
451 723 528 766 esse
551 697 830 786 valetudinique
854 708 1000 766 servire.

226 793 373 874 Congesta
395 797 426 853 et
449 796 569 870 copiosa
592 794 724 854 defensio
747 798 793 854 est
814 796 847 852 in
870 797 937 870 ipsa
964 797 1178 872 propositione,

158 887 193 942 ut
224 903 326 943 eorum
355 882 487 943 moribus
519 884 596 942 nihil
628 886 766 958 oporteat
797 883 983 960 exprobrari,
1015 887 1067 961 qui
1097 889 1177 948 certo

158 976 291 1048 tempore
314 973 386 1031 anni
409 972 541 1032 salubres
565 990 658 1048 aquas
681 975 798 1048 petant,
822 974 869 1032 vel
893 975 965 1048 quia
988 976 1087 1034 aetate
1109 994 1177 1051 pro-

159 1063 238 1122 vecti
264 1063 338 1135 sint,
366 1080 442 1136 quae
465 1062 557 1120 ferme
580 1061 721 1122 valetudo
743 1079 851 1137 parum
878 1062 939 1122 fida
959 1065 1013 1137 est,
1036 1064 1084 1122 vel
1107 1064 1178 1138 quia

119 1173 146 1212 1o
159 1152 192 1209 in
210 1152 271 1210 suis
294 1150 424 1226 praediis
448 1151 646 1225 demorentur,
670 1150 750 1226 quod
768 1154 813 1210 est
831 1151 984 1230 legitimae
1002 1153 1178 1227 honestatis,

160 1240 208 1299 vel
231 1240 303 1314 quia
326 1258 360 1298 eo
383 1241 526 1314 tempore,
554 1259 613 1314 quo
637 1241 698 1300 sint
720 1240 833 1300 Romae
857 1243 958 1301 omnia
982 1242 1179 1317 quietissima,

160 1347 197 1387 ne
221 1329 287 1404 quis
310 1328 366 1388 hoc
390 1327 428 1387 ad
451 1328 625 1406 fugiendum
648 1327 782 1388 laborem
805 1330 940 1388 civilium
962 1349 1062 1390 rerum
1081 1331 1179 1388 facere

160 1417 311 1489 videatim,
342 1417 390 1476 vel
414 1417 495 1492 quod
522 1419 562 1478 sit
588 1417 759 1476 omnimodo
786 1419 954 1478 valetudini
981 1419 1179 1493 serviendum,

162 1525 237 1582 quae
260 1524 320 1564 non
343 1507 442 1564 minus
464 1507 538 1580 ipsis
566 1505 753 1566 senatoribus
777 1525 867 1581 quam
894 1508 938 1564 rei
961 1526 989 1582 p.
1013 1509 1180 1566 necessaria

120 1616 145 1658 ra
161 1597 210 1670 sit,
232 1598 267 1653 ut
289 1595 396 1654 fortius
420 1596 537 1670 possint
559 1593 641 1654 obire
665 1596 775 1668 omnia,
799 1613 874 1670 quae
898 1594 1028 1672 gerenda
1050 1598 1129 1654 sunt.

227 1683 285 1743 Ita
321 1683 393 1741 fuit
425 1701 564 1758 caecus,
600 1687 640 1742 ut
671 1684 782 1742 facile
814 1687 1008 1758 appareret
1040 1673 1286 1743 vidisseffim·

162 1792 252 1846 eum,
276 1772 369 1847 quod
391 1772 446 1832 fas
469 1791 538 1852 non
562 1773 701 1832 fuisset.
1215 1743 1266 1796 XX

229 1882 298 1934 ...3
322 1860 358 1919 de
380 1860 462 1936 Appi
485 1863 564 1920 enim
588 1859 677 1920 Caeci
699 1861 817 1920 familia
840 1879 932 1939 genus
955 1859 1102 1921 trahebat.
1139 1861 1181 1919 Et

161 1951 357 2026 praecipitem
380 1950 482 2009 volens
512 1949 681 2028 significare
705 1952 794 2025 atque
817 1952 1010 2009 temerarium
1036 1951 1181 2025 resculpit

120 2060 149 2101 ro
161 2040 319 2098 infamiam
342 2040 425 2098 illius
444 2041 559 2112 incesti,
584 2039 664 2114 quod
681 2039 786 2098 fecisse
805 2040 838 2097 in
856 2042 959 2114 operto
979 2039 1081 2098 Bonae
1099 2039 1180 2098 Deae

162 2126 328 2200 videbatur,
361 2146 419 2202 quo
447 2128 520 2188 viris
552 2128 670 2205 ingredi
701 2147 761 2186 non
790 2129 903 2201 liceret,
935 2130 1022 2202 quasi
1053 2147 1182 2203 poenam

163 2217 297 2276 oriminis
312 2217 360 2275 sui
373 2217 454 2274 luere
468 2218 530 2274 iam
545 2219 676 2291 coeperit
694 2217 770 2275 nihil
788 2217 972 2292 providendo
992 2217 1073 2291 quod
1091 2218 1179 2276 dicat.

230 2304 339 2363 Illum
360 2308 547 2380 patronum
569 2304 742 2364 libidinis
765 2323 857 2365 suae.
1194 2292 1288 2362 Frgm.

232 2391 261 2452 0.
287 2391 460 2469 Curionem,
494 2395 546 2469 qui
578 2394 614 2453 de
646 2393 861 2470 proscribtione
895 2393 1019 2469 Syllana
1055 2394 1181 2453 fimdum
1203 2362 1267 2416 XXI

121 2501 149 2542 aa
164 2484 277 2541 emerat
299 2482 332 2540 in
356 2480 533 2557 Campania,
557 2485 609 2557 qui
633 2481 663 2542 O.
682 2483 772 2540 Marii
794 2501 889 2558 nuper
912 2484 1011 2541 fuerat
1033 2487 1064 2541 et
1085 2484 1181 2558 ipsius

163 2570 329 2646 Arpinatis.
369 2569 433 2638 Quo
457 2589 488 2630 se
510 2572 645 2646 exemplo
668 2572 812 2630 facillime
831 2570 934 2630 Cicero
956 2573 1100 2649 purgavit
1122 2589 1182 2629 non

164 2677 228 2718 esse
246 2660 279 2719 id
297 2661 329 2719 in
348 2678 378 2718 se
399 2660 681 2735 reprehendendum,
703 2661 780 2734 quod
803 2661 948 2735 municipi
966 2678 1020 2720 suo
1041 2657 1070 2718 0.
1084 2658 1181 2717 Mario

165 2749 315 2807 consulari
337 2768 501 2823 numquam
520 2750 611 2807 fuerit
632 2750 753 2808 infame.

231 2837 319 2896 Nam
350 2839 508 2896 rusticos
537 2839 570 2896 ei
596 2856 659 2897 nos
687 2837 806 2897 videri
832 2838 948 2896 minus
980 2836 1181 2896 mirandum
1195 2823 1288 2892 ΡΨ·

122 2928 232 3000 coest,
256 2928 316 3002 qui
339 2928 555 2986 manicatam
578 2928 737 2986 tunicam
760 2929 790 2985 et
811 2926 944 2984 relicum.
1199 2893 1276 2947 XXII

231 3015 327 3074 Mixto
357 3017 511 3090 responsio
541 3017 572 3074 et
598 3016 716 3074 facetiis
743 3014 924 3074 urbanitatis
952 3018 983 3073 et
1009 3015 1182 3089 asperitatis

165 3104 310 3164 violentia
337 3123 397 3163 non
424 3105 488 3162 sine
622 3102 735 3163 Definit
766 3105 845 3162 enim
876 3104 1035 3162 rusticos
1066 3105 1096 3161 et
1125 3123 1182 3160 ur-

233 3273 419 3328 2delictus0
471 3272 708 3342 ‘lexprobariOm
764 3279 796 3327 18
811 3272 966 3328 omnino&
1024 3277 1058 3326 18
1073 3273 1181 3328 laeua.

166 3347 214 3400 lio.
222 3348 374 3413 †2cui‚=
386 3350 421 3399 19
429 3345 479 3399 liu.
490 3345 641 3412 ἀμφιβολία
651 3345 699 3399 ἀπ’
708 3346 863 3410 creparet?
917 3349 949 3396 27
959 3343 1183 3413 repraehenden-

166 3417 234 3470 dum
245 3417 309 3474 Orac
378 3421 411 3468 29
430 3414 511 3470 eeiO
575 3422 607 3468 31
628 3415 769 3470 facetisO
829 3421 862 3469 32
875 3414 1059 3470 uideolenitie
1075 3413 1182 3469 Oviru-

166 3487 255 3541 lentia
273 3503 330 3553 mo,
348 3503 416 3542 corr.
432 3489 473 3557 Zp
518 3487 568 3541 loc.
583 3504 630 3541 ua.
646 3487 694 3541 lin.
705 3489 738 3554 4-
755 3486 805 3557 1¹l,
822 3504 870 3542 cm.
881 3513 914 3531 =
930 3491 965 3541 19
979 3487 1030 3541 litt.
1050 3485 1184 3552 ευγκρῐεει

167 3559 229 3614 καθ’
247 3561 378 3625 dorcada?
396 3563 540 3627 χλευαεμῷ
558 3557 647 3626 suppl.
662 3573 706 3611 mo
724 3561 879 3624 χλευαεμοῦ
899 3558 1015 3624 (χήματι
1037 3556 1126 3625 suppl.
1141 3557 1183 3623 Zp
