2670 3876
469 241 573 302 §aa
596 235 708 306 uragu.
721 234 803 289 1-v.
1099 235 1142 300 35

128 404 235 464 obnixe
275 406 423 480 persecuti
463 406 537 478 sint,
578 422 690 481 poenae
730 404 888 463 videantur
925 403 1142 478 quodammodo

128 494 283 568 destinati,
320 494 391 552 dum
421 493 545 572 singulis
578 495 690 552 crimen
717 493 839 568 aliquod
871 495 902 551 et
931 493 1047 552 invidia
1074 511 1142 553 con-

127 583 224 642 flatum

195 671 451 750 strangulatos
475 673 605 731 maluit
628 671 753 730 dicere.
1154 663 1247 732 Frgm.

99 780 111 820 a
193 760 353 820 Adfectata
394 764 425 821 et
460 762 592 820 oratoria
632 759 762 835 quadam
798 759 963 818 calliditate
998 760 1056 819 hoc
1095 761 1142 818 uti
1195 733 1206 787 ¹

127 848 217 910 verbo
250 850 405 909 Decimum
440 849 577 909 Laelium
616 851 818 909 accusatorem
854 849 983 908 voluisse
1019 847 1142 907 denotat

128 937 244 1012 (licere,
280 941 315 997 ut
350 941 526 998 memoriam
557 938 697 998 videlicet
729 957 831 996 eorum
862 938 1055 1012 resculpere,
1088 939 1141 1012 qui

127 1045 195 1086 cum
225 1027 352 1087 Lentulo
389 1029 421 1087 in
458 1046 574 1087 carcere
610 1045 720 1104 poenae
757 1027 900 1086 dederant
930 1028 999 1102 post
1030 1027 1142 1086 indicia

125 1118 304 1175 litterarum.

84 1224 112 1264 ιο
194 1205 285 1275 Quid
311 1205 383 1266 eibi
409 1224 505 1265 meus
532 1207 759 1265 necessarius
788 1203 918 1264 antra
943 1201 1083 1263 voluit?
1153 1194 1246 1264 Frem-

194 1294 415 1355 Subscribserat
445 1295 494 1354 hic
527 1297 607 1354 inter
643 1296 755 1354 ceteros
791 1294 914 1353 Decimo
950 1293 1054 1353 Laelio
1091 1311 1139 1352 ac·
1184 1267 1210 1320 Π

125 1385 264 1444 curatori.

192 1471 284 1541 Quid
306 1492 388 1532 vero
412 1469 611 1532 Decianus?
1153 1462 1245 1530 Frgm.

192 1563 233 1621 at
267 1563 316 1621 hio
350 1561 532 1638 subscriptor
563 1561 635 1634 fuit,
671 1560 781 1637 Apulei
812 1560 938 1618 Deciani
968 1558 1047 1618 filius
1078 1559 1142 1618 iam
1178 1533 1217 1586 ΠῙ

83 1669 108 1709 re
123 1670 219 1727 nuper
250 1650 397 1725 damnati,
430 1670 498 1710 cum
528 1649 665 1709 tribunus
697 1649 736 1725 pl.
766 1651 842 1708 esset
874 1651 904 1706 et
934 1649 966 1706 in
995 1649 1141 1707 ultionem

124 1740 235 1815 Apulei
267 1740 423 1799 Saturnini
453 1759 507 1798 nec
538 1741 636 1798 minus
669 1740 760 1798 etiam
791 1736 822 1796 G.
846 1737 967 1797 Servilii
999 1734 1140 1796 Glauciae

124 1830 220 1888 multa
256 1829 390 1905 improbe
426 1829 624 1903 seditioseque
660 1829 871 1888 committeret:
913 1845 1003 1901 quam
1039 1828 1141 1885 tamen

124 1918 346 1978 damnationem
378 1937 482 1994 passus
508 1918 541 1976 in
563 1917 693 1976 Pontum
720 1935 750 1976 se
778 1918 808 1974 et
835 1915 873 1974 ad
900 1917 1000 1991 partes
1022 1914 1139 1974 Mithri-

124 2007 238 2067 daticae
271 2008 405 2067 contulit.
457 2005 520 2075 Quo
552 2008 618 2082 ipso
649 2006 807 2065 infamiam
837 2006 951 2084 generis
984 2005 1047 2064 eius
1074 2023 1141 2080 per·

83 2098 249 2175 restringit
275 2099 389 2171 orator,
421 2099 456 2154 ut
487 2097 623 2155 imitatus
652 2094 868 2171 quodammodo
896 2097 1013 2170 patrem
1040 2095 1140 2152 omnia

124 2204 178 2261 pro
202 2186 337 2246 hostibus
360 2187 469 2246 sentire
491 2185 637 2243 videatur.

190 2274 337 2334 Utinam
373 2277 467 2334 esset
503 2275 649 2350 proprie
685 2273 776 2331 mea!
836 2272 988 2331 Senatus
1023 2272 1139 2348 igitur
1153 2261 1246 2386 Fffim

124 2383 251 2442 magna
274 2383 313 2422 ex
339 2367 450 2440 parte.

190 2454 265 2511 Mire
283 2453 333 2511 hic
350 2452 504 2529 respondit
583 2450 790 2510 Remotionem
808 2450 941 2508 facturus
960 2450 993 2507 in
1011 2451 1141 2508 auctori·

84 2559 109 2598 aa
124 2544 218 2600 tatem
241 2545 373 2616 senatus,
401 2560 460 2616 quo
484 2541 657 2599 decernente
680 2541 780 2615 puniti
803 2539 864 2598 sint
887 2535 1034 2597 Catilinae
1057 2539 1141 2614 socii,

124 2631 315 2706 amplectitur
333 2630 483 2706 quoddam
500 2632 613 2704 votum,
637 2630 723 2704 quasi
745 2628 877 2703 potuerit
901 2628 993 2686 etiam
1011 2628 1140 2704 gloriose

124 2719 258 2780 confiteri
276 2722 428 2779 auctorem
446 2738 476 2780 se
499 2719 581 2778 illius
604 2719 696 2777 fuisse
715 2717 869 2793 supplicii3
891 2717 987 2794 magis
1007 2717 1086 2774 enim
1105 2735 1139 2773 ex

123 2809 179 2867 hoo
206 2810 365 2868 remotioni
386 2809 513 2868 firmitas
537 2807 723 2882 adquiretur‚
751 2806 777 2865 ei
804 2806 936 2881 potuerit
958 2823 1021 2865 ease
1047 2806 1139 2864 etiam

123 2898 218 2974 ipsius
242 2897 278 2956 de
301 2916 332 2957 se
354 2897 505 2957 laudanda
528 2897 683 2956 confessio.

83 3003 109 3043 eo
191 2986 444 3066 Dii,5inquam‚
462 2985 689 3046 inmortales!
735 2983 999 3043 Lentulum...
1152 2972 1244 3095 Frpfffl·

443 3145 572 3220 (Desunt
596 3146 649 3205 IV
663 3142 817 3220 poetice)

192 3413 205 3459 1
230 3405 350 3460 obnixae
370 3406 394 3460 G
463 3410 496 3459 10
520 3404 595 3472 quod
615 3403 689 3470 Ome,
707 3419 774 3458 corr.
792 3401 830 3457 Or
884 3399 1008 3455 Chaerea
1028 3400 1066 3455 Or

124 3484 211 3532 1416
239 3476 444 3546 ApulaeiOmo
535 3481 567 3528 17
594 3474 784 3542 improbaeG
870 3471 1069 3527 seditiosan

123 3546 602 3622 rePaRTe·1MlTuRleoTlcos
705 3551 739 3598 24
766 3543 909 3599 miraeo
977 3545 1026 3598 loo.
1045 3546 1065 3597 2
1086 3559 1136 3598 cm.

123 3622 157 3690 -l-
176 3637 224 3675 aa.
244 3621 293 3675 lio.
308 3645 342 3667 =
360 3623 397 3675 21
417 3620 467 3675 litt.
488 3619 628 3685 μετάθεει(
645 3618 734 3686 suppl.
749 3616 791 3685 Zp
809 3617 876 3685 εὐχῇ
897 3619 942 3670 καὶ
961 3615 1137 3680 μεταετάεειῖ

944 3701 975 3757 Β*
