<?xml version="1.0" encoding="UTF-8"?>
<!DOCTYPE html PUBLIC "-//W3C//DTD XHTML 1.0 Transitional//EN"
    "http://www.w3.org/TR/xhtml1/DTD/xhtml1-transitional.dtd">
<html xmlns="http://www.w3.org/1999/xhtml" xml:lang="en" lang="en">
 <head>
  <title>
</title>
<meta http-equiv="Content-Type" content="text/html;charset=utf-8" />
  <meta name='ocr-system' content='tesseract 3.04.00' />
  <meta name='ocr-capabilities' content='ocr_page ocr_carea ocr_par ocr_line ocrx_word'/>
</head>
<body>
  <div class='ocr_page' id='page_1' title='image "./scholiaincicero01hildgoog_0075.png"; bbox 0 0 2670 3876; ppageno 0'>
   <div class='ocr_carea' id='block_1_1' title="bbox 186 200 950 274">
    <p class='ocr_par' dir='ltr' id='par_1_1' title="bbox 186 200 950 274">
     <span class='ocr_line' id='line_1_1' title="bbox 186 200 950 274; baseline -0.004 -13"><span class='ocrx_word' id='word_1_1' title='bbox 186 210 230 274; x_wconf 77' lang='lat'><strong>20</strong></span> <span class='ocrx_word' id='word_1_2' title='bbox 435 207 474 260; x_wconf 89' lang='lat' dir='ltr'><strong>IN</strong></span> <span class='ocrx_word' id='word_1_3' title='bbox 498 205 659 261; x_wconf 86' lang='lat' dir='ltr'><strong>CLODIUM</strong></span> <span class='ocrx_word' id='word_1_4' title='bbox 682 206 729 259; x_wconf 83' lang='lat' dir='ltr'><strong>ET</strong></span> <span class='ocrx_word' id='word_1_5' title='bbox 752 200 950 260; x_wconf 78' lang='lat' dir='ltr'><strong>CURIONEM.</strong></span> 
     </span>
    </p>
   </div>
   <div class='ocr_carea' id='block_1_2' title="bbox 183 374 1246 2928">
    <p class='ocr_par' dir='ltr' id='par_1_2' title="bbox 183 374 1246 2928">
     <span class='ocr_line' id='line_1_2' title="bbox 183 374 1202 453; baseline -0.003 -17"><span class='ocrx_word' id='word_1_6' title='bbox 183 377 355 453; x_wconf 88' lang='lat' dir='ltr'><strong>asperitatis</strong></span> <span class='ocrx_word' id='word_1_7' title='bbox 389 377 419 432; x_wconf 91' lang='lat' dir='ltr'><strong>et</strong></span> <span class='ocrx_word' id='word_1_8' title='bbox 451 375 641 448; x_wconf 73' lang='lat' dir='ltr'>facetiarum,</span> <span class='ocrx_word' id='word_1_9' title='bbox 679 374 786 449; x_wconf 89' lang='lat' dir='ltr'><strong>quibus</strong></span> <span class='ocrx_word' id='word_1_10' title='bbox 818 393 913 433; x_wconf 92' lang='lat' dir='ltr'><strong>mores</strong></span> <span class='ocrx_word' id='word_1_11' title='bbox 946 376 1102 449; x_wconf 79' lang='lat' dir='ltr'><strong>utriusque</strong></span> <span class='ocrx_word' id='word_1_12' title='bbox 1134 394 1202 450; x_wconf 90' lang='lat' dir='ltr'><strong>pro-</strong></span> 
     </span>
     <span class='ocr_line' id='line_1_3' title="bbox 184 462 1201 540; baseline -0.003 -15"><span class='ocrx_word' id='word_1_13' title='bbox 184 464 294 526; x_wconf 78' lang='lat' dir='ltr'><strong>scindit</strong></span> <span class='ocrx_word' id='word_1_14' title='bbox 322 467 352 522; x_wconf 92' lang='lat' dir='ltr'><strong>et</strong></span> <span class='ocrx_word' id='word_1_15' title='bbox 379 462 415 521; x_wconf 94' lang='lat' dir='ltr'><strong>de</strong></span> <span class='ocrx_word' id='word_1_16' title='bbox 443 463 629 540; x_wconf 80' lang='lat' dir='ltr'><strong>singulorum</strong></span> <span class='ocrx_word' id='word_1_17' title='bbox 656 465 740 522; x_wconf 87' lang='lat' dir='ltr'><strong>vitiis</strong></span> <span class='ocrx_word' id='word_1_18' title='bbox 769 481 859 538; x_wconf 90' lang='lat' dir='ltr'><strong>quam</strong></span> <span class='ocrx_word' id='word_1_19' title='bbox 886 465 986 539; x_wconf 90' lang='lat' dir='ltr'><strong>potest</strong></span> <span class='ocrx_word' id='word_1_20' title='bbox 1013 463 1201 522; x_wconf 86' lang='lat' dir='ltr'><strong>acerbissime</strong></span> 
     </span>
     <span class='ocr_line' id='line_1_4' title="bbox 183 550 1202 629; baseline -0.003 -15"><span class='ocrx_word' id='word_1_21' title='bbox 183 555 325 629; x_wconf 91' lang='lat' dir='ltr'><strong>loquitur.</strong></span> <span class='ocrx_word' id='word_1_22' title='bbox 373 550 431 610; x_wconf 85' lang='lat' dir='ltr'><strong>Sed</strong></span> <span class='ocrx_word' id='word_1_23' title='bbox 459 553 538 609; x_wconf 91' lang='lat' dir='ltr'><strong>enim</strong></span> <span class='ocrx_word' id='word_1_24' title='bbox 569 552 751 626; x_wconf 88' lang='lat' dir='ltr'><strong>principium</strong></span> <span class='ocrx_word' id='word_1_25' title='bbox 783 553 871 610; x_wconf 91' lang='lat' dir='ltr'><strong>huius</strong></span> <span class='ocrx_word' id='word_1_26' title='bbox 904 552 1032 612; x_wconf 83' lang='lat' dir='ltr'><strong>offensae</strong></span> <span class='ocrx_word' id='word_1_27' title='bbox 1061 553 1157 610; x_wconf 88' lang='lat' dir='ltr'><strong>fertur</strong></span> <span class='ocrx_word' id='word_1_28' title='bbox 1184 571 1202 611; x_wconf 90' lang='lat' dir='ltr'><strong>a</strong></span> 
     </span>
     <span class='ocr_line' id='line_1_5' title="bbox 185 639 1201 715; baseline -0.004 -14"><span class='ocrx_word' id='word_1_29' title='bbox 185 642 216 700; x_wconf 94' lang='lat' dir='ltr'><strong>P.</strong></span> <span class='ocrx_word' id='word_1_30' title='bbox 232 640 319 700; x_wconf 90' lang='lat' dir='ltr'><strong>Clodi</strong></span> <span class='ocrx_word' id='word_1_31' title='bbox 340 642 427 698; x_wconf 89' lang='lat' dir='ltr'><strong>reatu</strong></span> <span class='ocrx_word' id='word_1_32' title='bbox 449 639 642 698; x_wconf 80' lang='lat' dir='ltr'><strong>descendisse.</strong></span> <span class='ocrx_word' id='word_1_33' title='bbox 678 639 757 698; x_wconf 88' lang='lat' dir='ltr'><strong>Nam</strong></span> <span class='ocrx_word' id='word_1_34' title='bbox 775 641 857 698; x_wconf 89' lang='lat' dir='ltr'><strong>visus</strong></span> <span class='ocrx_word' id='word_1_35' title='bbox 878 642 973 699; x_wconf 88' lang='lat' dir='ltr'><strong>estin</strong></span> <span class='ocrx_word' id='word_1_36' title='bbox 996 639 1084 699; x_wconf 93' lang='lat' dir='ltr'><strong>domo</strong></span> <span class='ocrx_word' id='word_1_37' title='bbox 1102 642 1201 715; x_wconf 91' lang='lat' dir='ltr'><strong>ponti·</strong></span> 
     </span>
     <span class='ocr_line' id='line_1_6' title="bbox 183 726 1242 804; baseline -0.002 -14"><span class='ocrx_word' id='word_1_38' title='bbox 183 731 247 790; x_wconf 88' lang='lat' dir='ltr'><strong>ficis</strong></span> <span class='ocrx_word' id='word_1_39' title='bbox 280 731 404 788; x_wconf 86' lang='lat' dir='ltr'><strong>maximi</strong></span> <span class='ocrx_word' id='word_1_40' title='bbox 437 726 467 787; x_wconf 92' lang='lat' dir='ltr'><strong>C.</strong></span> <span class='ocrx_word' id='word_1_41' title='bbox 492 726 627 787; x_wconf 89' lang='lat' dir='ltr'><strong>Caesaris</strong></span> <span class='ocrx_word' id='word_1_42' title='bbox 657 728 849 802; x_wconf 87' lang='lat' dir='ltr'><strong>eiusdemque</strong></span> <span class='ocrx_word' id='word_1_43' title='bbox 876 730 1023 804; x_wconf 89' lang='lat' dir='ltr'><strong>praetoris</strong></span> <span class='ocrx_word' id='word_1_44' title='bbox 1054 730 1202 788; x_wconf 89' lang='lat' dir='ltr'><strong>incestum</strong></span> <span class='ocrx_word' id='word_1_45' title='bbox 1230 749 1242 788; x_wconf 83' lang='lat' dir='ltr'><strong>e</strong></span> 
     </span>
     <span class='ocr_line' id='line_1_7' title="bbox 184 810 1202 894; baseline -0.003 -16"><span class='ocrx_word' id='word_1_46' title='bbox 184 821 290 878; x_wconf 86' lang='lat' dir='ltr'><strong>fecisse</strong></span> <span class='ocrx_word' id='word_1_47' title='bbox 318 837 385 876; x_wconf 89' lang='lat' dir='ltr'><strong>cum</strong></span> <span class='ocrx_word' id='word_1_48' title='bbox 414 818 476 875; x_wconf 90' lang='lat' dir='ltr'><strong>eius</strong></span> <span class='ocrx_word' id='word_1_49' title='bbox 504 835 595 875; x_wconf 89' lang='lat' dir='ltr'><strong>uxore</strong></span> <span class='ocrx_word' id='word_1_50' title='bbox 617 815 760 892; x_wconf 90' lang='lat' dir='ltr'><strong>Pompeia</strong></span> <span class='ocrx_word' id='word_1_51' title='bbox 783 810 878 894; x_wconf 83' lang='lat' dir='ltr'><strong>[cum]</strong></span> <span class='ocrx_word' id='word_1_52' title='bbox 908 835 942 876; x_wconf 91' lang='lat' dir='ltr'><strong>eo</strong></span> <span class='ocrx_word' id='word_1_53' title='bbox 969 820 1115 892; x_wconf 90' lang='lat' dir='ltr'><strong>tempore,</strong></span> <span class='ocrx_word' id='word_1_54' title='bbox 1144 836 1202 892; x_wconf 92' lang='lat' dir='ltr'><strong>quo</strong></span> 
     </span>
     <span class='ocr_line' id='line_1_8' title="bbox 185 905 1202 983; baseline -0.003 -17"><span class='ocrx_word' id='word_1_55' title='bbox 185 926 239 983; x_wconf 91' lang='lat' dir='ltr'><strong>per</strong></span> <span class='ocrx_word' id='word_1_56' title='bbox 253 907 389 964; x_wconf 73' lang='lat' dir='ltr'><strong>Vestales</strong></span> <span class='ocrx_word' id='word_1_57' title='bbox 412 906 543 982; x_wconf 80' lang='lat' dir='ltr'><strong>virgines</strong></span> <span class='ocrx_word' id='word_1_58' title='bbox 568 907 598 963; x_wconf 95' lang='lat' dir='ltr'><strong>et</strong></span> <span class='ocrx_word' id='word_1_59' title='bbox 620 908 772 964; x_wconf 89' lang='lat' dir='ltr'><strong>matronas</strong></span> <span class='ocrx_word' id='word_1_60' title='bbox 795 905 1020 964; x_wconf 88' lang='lat' dir='ltr'><strong>honestissimas</strong></span> <span class='ocrx_word' id='word_1_61' title='bbox 1043 907 1076 964; x_wconf 90' lang='lat' dir='ltr'><strong>in</strong></span> <span class='ocrx_word' id='word_1_62' title='bbox 1099 908 1202 981; x_wconf 80' lang='lat' dir='ltr'><strong>operto</strong></span> 
     </span>
     <span class='ocr_line' id='line_1_9' title="bbox 185 992 1202 1056; baseline -0.005 -1"><span class='ocrx_word' id='word_1_63' title='bbox 185 997 287 1056; x_wconf 81' lang='lat' dir='ltr'><strong>Bonae</strong></span> <span class='ocrx_word' id='word_1_64' title='bbox 315 995 396 1053; x_wconf 84' lang='lat' dir='ltr'><strong>Deae</strong></span> <span class='ocrx_word' id='word_1_65' title='bbox 423 993 601 1052; x_wconf 89' lang='lat' dir='ltr'><strong>sacrificium</strong></span> <span class='ocrx_word' id='word_1_66' title='bbox 628 995 702 1052; x_wconf 86' lang='lat' dir='ltr'><strong>viris</strong></span> <span class='ocrx_word' id='word_1_67' title='bbox 730 992 866 1052; x_wconf 91' lang='lat' dir='ltr'><strong>omnibus</strong></span> <span class='ocrx_word' id='word_1_68' title='bbox 894 995 1077 1053; x_wconf 88' lang='lat' dir='ltr'><strong>inaccessum</strong></span> <span class='ocrx_word' id='word_1_69' title='bbox 1104 993 1202 1052; x_wconf 89' lang='lat' dir='ltr'><strong>fiebat.</strong></span> 
     </span>
     <span class='ocr_line' id='line_1_10' title="bbox 186 1079 1204 1159; baseline -0.003 -16"><span class='ocrx_word' id='word_1_70' title='bbox 186 1083 273 1143; x_wconf 91' lang='lat' dir='ltr'><strong>Unde</strong></span> <span class='ocrx_word' id='word_1_71' title='bbox 300 1083 401 1142; x_wconf 89' lang='lat' dir='ltr'><strong>elabso</strong></span> <span class='ocrx_word' id='word_1_72' title='bbox 428 1085 530 1140; x_wconf 89' lang='lat' dir='ltr'><strong>tamen</strong></span> <span class='ocrx_word' id='word_1_73' title='bbox 554 1079 657 1140; x_wconf 89' lang='lat' dir='ltr'><strong>Clodio</strong></span> <span class='ocrx_word' id='word_1_74' title='bbox 685 1101 796 1159; x_wconf 84' lang='lat' dir='ltr'><strong>magna</strong></span> <span class='ocrx_word' id='word_1_75' title='bbox 821 1082 938 1141; x_wconf 89' lang='lat' dir='ltr'><strong>invidia</strong></span> <span class='ocrx_word' id='word_1_76' title='bbox 966 1082 1151 1157; x_wconf 86' lang='lat' dir='ltr'><strong>percrebruit</strong></span> <span class='ocrx_word' id='word_1_77' title='bbox 1173 1084 1204 1140; x_wconf 86' lang='lat' dir='ltr'><strong>et</strong></span> 
     </span>
     <span class='ocr_line' id='line_1_11' title="bbox 186 1170 1244 1248; baseline 0.001 -18"><span class='ocrx_word' id='word_1_78' title='bbox 186 1173 314 1230; x_wconf 86' lang='lat' dir='ltr'><strong>infamia</strong></span> <span class='ocrx_word' id='word_1_79' title='bbox 346 1171 610 1243; x_wconf 81' lang='lat' dir='ltr'><strong>caerimoniarum,</strong></span> <span class='ocrx_word' id='word_1_80' title='bbox 641 1172 678 1228; x_wconf 88' lang='lat' dir='ltr'><strong>ut</strong></span> <span class='ocrx_word' id='word_1_81' title='bbox 709 1173 829 1229; x_wconf 87' lang='lat' dir='ltr'><strong>senatus</strong></span> <span class='ocrx_word' id='word_1_82' title='bbox 862 1170 1016 1230; x_wconf 85' lang='lat' dir='ltr'><strong>decernere</strong></span> <span class='ocrx_word' id='word_1_83' title='bbox 1038 1173 1203 1248; x_wconf 77' lang='lat' dir='ltr'><strong>cogeretur</strong></span> <span class='ocrx_word' id='word_1_84' title='bbox 1218 1191 1244 1231; x_wconf 80' lang='lat' dir='ltr'><strong>ro</strong></span> 
     </span>
     <span class='ocr_line' id='line_1_12' title="bbox 187 1258 1203 1336; baseline -0.002 -17"><span class='ocrx_word' id='word_1_85' title='bbox 187 1262 269 1319; x_wconf 92' lang='lat' dir='ltr'><strong>omni</strong></span> <span class='ocrx_word' id='word_1_86' title='bbox 293 1259 450 1336; x_wconf 78' lang='lat' dir='ltr'><strong>diligentia</strong></span> <span class='ocrx_word' id='word_1_87' title='bbox 473 1259 628 1317; x_wconf 87' lang='lat' dir='ltr'><strong>consulum</strong></span> <span class='ocrx_word' id='word_1_88' title='bbox 655 1258 930 1336; x_wconf 82' lang='lat' dir='ltr'><strong>pervestigandum,</strong></span> <span class='ocrx_word' id='word_1_89' title='bbox 962 1261 989 1318; x_wconf 87' lang='lat' dir='ltr'><strong>si</strong></span> <span class='ocrx_word' id='word_1_90' title='bbox 1019 1258 1098 1334; x_wconf 90' lang='lat' dir='ltr'><strong>quod</strong></span> <span class='ocrx_word' id='word_1_91' title='bbox 1125 1262 1203 1318; x_wconf 90' lang='lat' dir='ltr'><strong>esset</strong></span> 
     </span>
     <span class='ocr_line' id='line_1_13' title="bbox 187 1346 1203 1425; baseline -0.001 -20"><span class='ocrx_word' id='word_1_92' title='bbox 187 1347 315 1424; x_wconf 85' lang='lat' dir='ltr'><strong>publicis</strong></span> <span class='ocrx_word' id='word_1_93' title='bbox 330 1346 525 1425; x_wconf 81' lang='lat' dir='ltr'><strong>religionibus</strong></span> <span class='ocrx_word' id='word_1_94' title='bbox 539 1348 669 1406; x_wconf 88' lang='lat' dir='ltr'><strong>inlatum</strong></span> <span class='ocrx_word' id='word_1_95' title='bbox 682 1348 841 1424; x_wconf 83' lang='lat' dir='ltr'><strong>flagitium.</strong></span> <span class='ocrx_word' id='word_1_96' title='bbox 859 1346 1027 1407; x_wconf 89' lang='lat' dir='ltr'><strong>Accedebat</strong></span> <span class='ocrx_word' id='word_1_97' title='bbox 1040 1348 1097 1407; x_wconf 92' lang='lat' dir='ltr'><strong>huc</strong></span> <span class='ocrx_word' id='word_1_98' title='bbox 1111 1349 1203 1406; x_wconf 86' lang='lat' dir='ltr'><strong>etiam</strong></span> 
     </span>
     <span class='ocr_line' id='line_1_14' title="bbox 187 1433 1204 1513; baseline 0 -19"><span class='ocrx_word' id='word_1_99' title='bbox 187 1436 404 1513; x_wconf 90' lang='lat' dir='ltr'><strong>praeiudicium</strong></span> <span class='ocrx_word' id='word_1_100' title='bbox 438 1435 586 1511; x_wconf 87' lang='lat' dir='ltr'><strong>quoddam</strong></span> <span class='ocrx_word' id='word_1_101' title='bbox 611 1433 641 1494; x_wconf 94' lang='lat' dir='ltr'><strong>C.</strong></span> <span class='ocrx_word' id='word_1_102' title='bbox 666 1434 801 1495; x_wconf 87' lang='lat' dir='ltr'><strong>Caesaris</strong></span> <span class='ocrx_word' id='word_1_103' title='bbox 833 1437 928 1512; x_wconf 88' lang='lat' dir='ltr'><strong>ipsius</strong></span> <span class='ocrx_word' id='word_1_104' title='bbox 955 1436 1118 1512; x_wconf 89' lang='lat' dir='ltr'><strong>pontificis,</strong></span> <span class='ocrx_word' id='word_1_105' title='bbox 1150 1438 1204 1511; x_wconf 92' lang='lat' dir='ltr'><strong>qui</strong></span> 
     </span>
     <span class='ocr_line' id='line_1_15' title="bbox 187 1523 1203 1600; baseline -0.001 -16"><span class='ocrx_word' id='word_1_106' title='bbox 187 1544 311 1584; x_wconf 84' lang='lat' dir='ltr'><strong>uxorem</strong></span> <span class='ocrx_word' id='word_1_107' title='bbox 335 1543 421 1584; x_wconf 90' lang='lat' dir='ltr'><strong>suam</strong></span> <span class='ocrx_word' id='word_1_108' title='bbox 443 1526 514 1584; x_wconf 90' lang='lat' dir='ltr'><strong>ilico</strong></span> <span class='ocrx_word' id='word_1_109' title='bbox 537 1523 715 1599; x_wconf 85' lang='lat' dir='ltr'><strong>repudiavit.</strong></span> <span class='ocrx_word' id='word_1_110' title='bbox 752 1525 833 1584; x_wconf 59' lang='lat' dir='ltr'><strong>Postv</strong></span> <span class='ocrx_word' id='word_1_111' title='bbox 848 1525 927 1600; x_wconf 93' lang='lat' dir='ltr'><strong>quod</strong></span> <span class='ocrx_word' id='word_1_112' title='bbox 948 1544 1016 1584; x_wconf 88' lang='lat' dir='ltr'><strong>reus</strong></span> <span class='ocrx_word' id='word_1_113' title='bbox 1035 1525 1071 1584; x_wconf 93' lang='lat' dir='ltr'><strong>de</strong></span> <span class='ocrx_word' id='word_1_114' title='bbox 1089 1527 1203 1583; x_wconf 90' lang='lat' dir='ltr'><strong>incesto</strong></span> 
     </span>
     <span class='ocr_line' id='line_1_16' title="bbox 188 1611 1244 1688; baseline 0.001 -17"><span class='ocrx_word' id='word_1_115' title='bbox 188 1616 284 1672; x_wconf 89' lang='lat' dir='ltr'><strong>factus</strong></span> <span class='ocrx_word' id='word_1_116' title='bbox 318 1616 364 1673; x_wconf 89' lang='lat' dir='ltr'><strong>est</strong></span> <span class='ocrx_word' id='word_1_117' title='bbox 395 1613 427 1671; x_wconf 88' lang='lat' dir='ltr'><strong>P.</strong></span> <span class='ocrx_word' id='word_1_118' title='bbox 452 1611 573 1672; x_wconf 81' lang='lat' dir='ltr'><strong>Clodius</strong></span> <span class='ocrx_word' id='word_1_119' title='bbox 606 1616 763 1672; x_wconf 85' lang='lat' dir='ltr'><strong>accusante</strong></span> <span class='ocrx_word' id='word_1_120' title='bbox 795 1612 827 1670; x_wconf 88' lang='lat' dir='ltr'><strong>L.</strong></span> <span class='ocrx_word' id='word_1_121' title='bbox 856 1613 997 1688; x_wconf 84' lang='lat' dir='ltr'><strong>Lentulo,</strong></span> <span class='ocrx_word' id='word_1_122' title='bbox 1029 1612 1203 1673; x_wconf 85' lang='lat' dir='ltr'><strong>defendente</strong></span> <span class='ocrx_word' id='word_1_123' title='bbox 1218 1633 1244 1672; x_wconf 84' lang='grc' dir='ltr'><strong>ιι</strong></span> 
     </span>
     <span class='ocr_line' id='line_1_17' title="bbox 188 1700 1203 1778; baseline -0.001 -17"><span class='ocrx_word' id='word_1_124' title='bbox 188 1701 219 1761; x_wconf 89' lang='lat' dir='ltr'><strong>C.</strong></span> <span class='ocrx_word' id='word_1_125' title='bbox 244 1701 372 1760; x_wconf 83' lang='lat' dir='ltr'><strong>Curione</strong></span> <span class='ocrx_word' id='word_1_126' title='bbox 404 1704 498 1777; x_wconf 87' lang='lat' dir='ltr'><strong>patre.</strong></span> <span class='ocrx_word' id='word_1_127' title='bbox 549 1701 628 1761; x_wconf 88' lang='lat' dir='ltr'><strong>Nam</strong></span> <span class='ocrx_word' id='word_1_128' title='bbox 659 1704 720 1761; x_wconf 86' lang='lat' dir='ltr'><strong>tres</strong></span> <span class='ocrx_word' id='word_1_129' title='bbox 753 1703 814 1760; x_wconf 87' lang='lat' dir='ltr'><strong>illis</strong></span> <span class='ocrx_word' id='word_1_130' title='bbox 847 1702 1031 1778; x_wconf 90' lang='lat' dir='ltr'><strong>temporibus</strong></span> <span class='ocrx_word' id='word_1_131' title='bbox 1060 1700 1203 1761; x_wconf 78' lang='lat' dir='ltr'><strong>Curiones</strong></span> 
     </span>
     <span class='ocr_line' id='line_1_18' title="bbox 188 1790 1203 1864; baseline 0 -16"><span class='ocrx_word' id='word_1_132' title='bbox 188 1792 312 1849; x_wconf 87' lang='lat' dir='ltr'><strong>inlustri</strong></span> <span class='ocrx_word' id='word_1_133' title='bbox 334 1792 454 1849; x_wconf 89' lang='lat' dir='ltr'><strong>nomine</strong></span> <span class='ocrx_word' id='word_1_134' title='bbox 477 1792 640 1848; x_wconf 82' lang='lat' dir='ltr'><strong>extiterunt</strong></span> <span class='ocrx_word' id='word_1_135' title='bbox 663 1794 753 1864; x_wconf 90' lang='lat' dir='ltr'><strong>atque</strong></span> <span class='ocrx_word' id='word_1_136' title='bbox 775 1792 808 1848; x_wconf 90' lang='lat' dir='ltr'><strong>in</strong></span> <span class='ocrx_word' id='word_1_137' title='bbox 830 1790 915 1849; x_wconf 89' lang='lat' dir='ltr'><strong>libris</strong></span> <span class='ocrx_word' id='word_1_138' title='bbox 939 1790 1035 1850; x_wconf 90' lang='lat' dir='ltr'><strong>adbuc</strong></span> <span class='ocrx_word' id='word_1_139' title='bbox 1053 1792 1203 1850; x_wconf 76' lang='lat' dir='ltr'><strong>feruntur:</strong></span> 
     </span>
     <span class='ocr_line' id='line_1_19' title="bbox 189 1877 1204 1953; baseline 0 -16"><span class='ocrx_word' id='word_1_140' title='bbox 189 1878 278 1938; x_wconf 91' lang='lat' dir='ltr'><strong>Curio</strong></span> <span class='ocrx_word' id='word_1_141' title='bbox 305 1897 392 1953; x_wconf 79' lang='lat' dir='ltr'><strong>avus,</strong></span> <span class='ocrx_word' id='word_1_142' title='bbox 420 1881 473 1953; x_wconf 90' lang='lat' dir='ltr'><strong>qui</strong></span> <span class='ocrx_word' id='word_1_143' title='bbox 496 1877 632 1937; x_wconf 80' lang='lat' dir='ltr'><strong>Servium</strong></span> <span class='ocrx_word' id='word_1_144' title='bbox 655 1879 797 1936; x_wconf 83' lang='lat' dir='ltr'><strong>Fulvium</strong></span> <span class='ocrx_word' id='word_1_145' title='bbox 823 1880 930 1938; x_wconf 90' lang='lat' dir='ltr'><strong>incesti</strong></span> <span class='ocrx_word' id='word_1_146' title='bbox 956 1899 1040 1938; x_wconf 92' lang='lat' dir='ltr'><strong>reum</strong></span> <span class='ocrx_word' id='word_1_147' title='bbox 1063 1879 1204 1953; x_wconf 84' lang='lat' dir='ltr'><strong>defendit,</strong></span> 
     </span>
     <span class='ocr_line' id='line_1_20' title="bbox 189 1964 1204 2042; baseline 0.001 -17"><span class='ocrx_word' id='word_1_148' title='bbox 189 1971 219 2025; x_wconf 92' lang='lat' dir='ltr'><strong>et</strong></span> <span class='ocrx_word' id='word_1_149' title='bbox 246 1969 295 2026; x_wconf 83' lang='lat' dir='ltr'><strong>bic</strong></span> <span class='ocrx_word' id='word_1_150' title='bbox 323 1965 354 2025; x_wconf 93' lang='lat' dir='ltr'><strong>C.</strong></span> <span class='ocrx_word' id='word_1_151' title='bbox 379 1964 469 2024; x_wconf 90' lang='lat' dir='ltr'><strong>Curio</strong></span> <span class='ocrx_word' id='word_1_152' title='bbox 496 1969 595 2041; x_wconf 90' lang='lat' dir='ltr'><strong>pater,</strong></span> <span class='ocrx_word' id='word_1_153' title='bbox 629 1969 682 2041; x_wconf 90' lang='lat' dir='ltr'><strong>qni</strong></span> <span class='ocrx_word' id='word_1_154' title='bbox 709 1966 740 2024; x_wconf 87' lang='lat' dir='ltr'><strong>P.</strong></span> <span class='ocrx_word' id='word_1_155' title='bbox 766 1965 869 2026; x_wconf 91' lang='lat' dir='ltr'><strong>Clodio</strong></span> <span class='ocrx_word' id='word_1_156' title='bbox 898 1968 1008 2042; x_wconf 86' lang='lat' dir='ltr'><strong>adfuit,</strong></span> <span class='ocrx_word' id='word_1_157' title='bbox 1040 1970 1070 2026; x_wconf 87' lang='lat' dir='ltr'><strong>et</strong></span> <span class='ocrx_word' id='word_1_158' title='bbox 1095 1970 1204 2027; x_wconf 88' lang='lat' dir='ltr'><strong>tertius</strong></span> 
     </span>
     <span class='ocr_line' id='line_1_21' title="bbox 188 2053 1246 2132; baseline 0.002 -19"><span class='ocrx_word' id='word_1_159' title='bbox 188 2057 241 2114; x_wconf 88' lang='lat' dir='ltr'><strong>ille</strong></span> <span class='ocrx_word' id='word_1_160' title='bbox 261 2054 351 2112; x_wconf 88' lang='lat' dir='ltr'><strong>Curio</strong></span> <span class='ocrx_word' id='word_1_161' title='bbox 370 2053 558 2128; x_wconf 82' lang='lat' dir='ltr'><strong>tribunicius,</strong></span> <span class='ocrx_word' id='word_1_162' title='bbox 582 2057 635 2129; x_wconf 91' lang='lat' dir='ltr'><strong>qui</strong></span> <span class='ocrx_word' id='word_1_163' title='bbox 652 2054 730 2114; x_wconf 91' lang='lat' dir='ltr'><strong>bello</strong></span> <span class='ocrx_word' id='word_1_164' title='bbox 750 2057 833 2114; x_wconf 87' lang='lat' dir='ltr'><strong>civili</strong></span> <span class='ocrx_word' id='word_1_165' title='bbox 851 2055 1032 2132; x_wconf 88' lang='lat' dir='ltr'><strong>Pompeiano</strong></span> <span class='ocrx_word' id='word_1_166' title='bbox 1050 2058 1083 2114; x_wconf 91' lang='lat' dir='ltr'><strong>in</strong></span> <span class='ocrx_word' id='word_1_167' title='bbox 1101 2056 1246 2116; x_wconf 75' lang='lat' dir='ltr'><strong>Africano</strong></span> 
     </span>
     <span class='ocr_line' id='line_1_22' title="bbox 188 2140 1204 2222; baseline 0.002 -20"><span class='ocrx_word' id='word_1_168' title='bbox 188 2145 292 2220; x_wconf 91' lang='lat' dir='ltr'><strong>periit,</strong></span> <span class='ocrx_word' id='word_1_169' title='bbox 322 2161 389 2201; x_wconf 91' lang='lat' dir='ltr'><strong>cum</strong></span> <span class='ocrx_word' id='word_1_170' title='bbox 419 2144 497 2202; x_wconf 86' lang='lat' dir='ltr'><strong>esset</strong></span> <span class='ocrx_word' id='word_1_171' title='bbox 525 2145 658 2218; x_wconf 88' lang='lat' dir='ltr'><strong>partium</strong></span> <span class='ocrx_word' id='word_1_172' title='bbox 691 2141 839 2218; x_wconf 88' lang='lat' dir='ltr'><strong>Caesaris,</strong></span> <span class='ocrx_word' id='word_1_173' title='bbox 869 2163 1027 2220; x_wconf 88' lang='lat' dir='ltr'><strong>oppressus</strong></span> <span class='ocrx_word' id='word_1_174' title='bbox 1061 2140 1133 2222; x_wconf 74' lang='lat' dir='ltr'><strong>[est]</strong></span> <span class='ocrx_word' id='word_1_175' title='bbox 1167 2144 1204 2204; x_wconf 91' lang='lat' dir='ltr'><strong>ab</strong></span> 
     </span>
     <span class='ocr_line' id='line_1_23' title="bbox 185 2230 1204 2308; baseline 0.002 -18"><span class='ocrx_word' id='word_1_176' title='bbox 185 2231 341 2306; x_wconf 88' lang='lat' dir='ltr'><strong>equitibus</strong></span> <span class='ocrx_word' id='word_1_177' title='bbox 360 2230 452 2290; x_wconf 90' lang='lat' dir='ltr'><strong>Iubae</strong></span> <span class='ocrx_word' id='word_1_178' title='bbox 469 2233 557 2308; x_wconf 80' lang='lat' dir='ltr'><strong>regis.</strong></span> <span class='ocrx_word' id='word_1_179' title='bbox 591 2230 649 2290; x_wconf 83' lang='lat' dir='ltr'><strong>Sed</strong></span> <span class='ocrx_word' id='word_1_180' title='bbox 667 2232 809 2290; x_wconf 87' lang='lat' dir='ltr'><strong>hactenus</strong></span> <span class='ocrx_word' id='word_1_181' title='bbox 833 2232 869 2291; x_wconf 94' lang='lat' dir='ltr'><strong>de</strong></span> <span class='ocrx_word' id='word_1_182' title='bbox 888 2231 1067 2292; x_wconf 84' lang='lat' dir='ltr'><strong>Curionibus</strong></span> <span class='ocrx_word' id='word_1_183' title='bbox 1090 2233 1204 2292; x_wconf 89' lang='lat' dir='ltr'><strong>dictum</strong></span> 
     </span>
     <span class='ocr_line' id='line_1_24' title="bbox 189 2319 1204 2394; baseline 0.001 -14"><span class='ocrx_word' id='word_1_184' title='bbox 189 2322 238 2380; x_wconf 87' lang='lat' dir='ltr'><strong>sit.</strong></span> <span class='ocrx_word' id='word_1_185' title='bbox 275 2320 404 2380; x_wconf 87' lang='lat' dir='ltr'><strong>Multum</strong></span> <span class='ocrx_word' id='word_1_186' title='bbox 423 2319 533 2394; x_wconf 91' lang='lat' dir='ltr'><strong>diuque</strong></span> <span class='ocrx_word' id='word_1_187' title='bbox 551 2319 662 2379; x_wconf 87' lang='lat' dir='ltr'><strong>habitis</strong></span> <span class='ocrx_word' id='word_1_188' title='bbox 682 2322 950 2380; x_wconf 85' lang='lat' dir='ltr'><strong>concertationibus</strong></span> <span class='ocrx_word' id='word_1_189' title='bbox 973 2325 1042 2380; x_wconf 90' lang='lat' dir='ltr'><strong>ante</strong></span> <span class='ocrx_word' id='word_1_190' title='bbox 1060 2322 1204 2381; x_wconf 88' lang='lat' dir='ltr'><strong>iudicium</strong></span> 
     </span>
     <span class='ocr_line' id='line_1_25' title="bbox 190 2406 1204 2484; baseline 0.003 -18"><span class='ocrx_word' id='word_1_191' title='bbox 190 2408 222 2466; x_wconf 89' lang='lat' dir='ltr'><strong>P.</strong></span> <span class='ocrx_word' id='word_1_192' title='bbox 248 2408 368 2467; x_wconf 88' lang='lat' dir='ltr'><strong>Clodius</strong></span> <span class='ocrx_word' id='word_1_193' title='bbox 397 2427 415 2467; x_wconf 90' lang='lat' dir='ltr'><strong>a</strong></span> <span class='ocrx_word' id='word_1_194' title='bbox 442 2406 615 2467; x_wconf 89' lang='lat' dir='ltr'><strong>turbulenta</strong></span> <span class='ocrx_word' id='word_1_195' title='bbox 642 2409 847 2482; x_wconf 86' lang='lat' dir='ltr'><strong>multitudine,</strong></span> <span class='ocrx_word' id='word_1_196' title='bbox 877 2429 913 2468; x_wconf 90' lang='lat' dir='ltr'><strong>ne</strong></span> <span class='ocrx_word' id='word_1_197' title='bbox 942 2428 1062 2469; x_wconf 89' lang='lat' dir='ltr'><strong>causam</strong></span> <span class='ocrx_word' id='word_1_198' title='bbox 1085 2411 1204 2484; x_wconf 88' lang='lat' dir='ltr'><strong>diceret,</strong></span> 
     </span>
     <span class='ocr_line' id='line_1_26' title="bbox 191 2496 1246 2571; baseline 0.005 -16"><span class='ocrx_word' id='word_1_199' title='bbox 191 2516 251 2555; x_wconf 92' lang='lat' dir='ltr'><strong>non</strong></span> <span class='ocrx_word' id='word_1_200' title='bbox 275 2498 338 2555; x_wconf 88' lang='lat' dir='ltr'><strong>sine</strong></span> <span class='ocrx_word' id='word_1_201' title='bbox 361 2497 477 2571; x_wconf 89' lang='lat' dir='ltr'><strong>impetu</strong></span> <span class='ocrx_word' id='word_1_202' title='bbox 500 2496 655 2555; x_wconf 88' lang='lat' dir='ltr'><strong>seditionis</strong></span> <span class='ocrx_word' id='word_1_203' title='bbox 679 2498 799 2556; x_wconf 85' lang='lat' dir='ltr'><strong>adiutus</strong></span> <span class='ocrx_word' id='word_1_204' title='bbox 823 2501 869 2556; x_wconf 89' lang='lat' dir='ltr'><strong>est</strong></span> <span class='ocrx_word' id='word_1_205' title='bbox 891 2500 1010 2557; x_wconf 89' lang='lat' dir='ltr'><strong>auctore</strong></span> <span class='ocrx_word' id='word_1_206' title='bbox 1029 2499 1117 2558; x_wconf 88' lang='lat' dir='ltr'><strong>huius</strong></span> <span class='ocrx_word' id='word_1_207' title='bbox 1137 2518 1204 2558; x_wconf 93' lang='lat' dir='ltr'><strong>con·</strong></span> <span class='ocrx_word' id='word_1_208' title='bbox 1220 2519 1246 2560; x_wconf 79' lang='lat' dir='ltr'><strong>aa</strong></span> 
     </span>
     <span class='ocr_line' id='line_1_27' title="bbox 190 2582 1205 2662; baseline 0.001 -18"><span class='ocrx_word' id='word_1_209' title='bbox 190 2586 364 2660; x_wconf 88' lang='lat' dir='ltr'><strong>spirationis</strong></span> <span class='ocrx_word' id='word_1_210' title='bbox 389 2583 422 2652; x_wconf 82' lang='lat' dir='ltr'><strong>Q.</strong></span> <span class='ocrx_word' id='word_1_211' title='bbox 446 2582 529 2641; x_wconf 74' lang='lat' dir='ltr'><strong>rufio</strong></span> <span class='ocrx_word' id='word_1_212' title='bbox 555 2582 664 2643; x_wconf 92' lang='lat' dir='ltr'><strong>Caleno</strong></span> <span class='ocrx_word' id='word_1_213' title='bbox 691 2584 811 2644; x_wconf 89' lang='lat' dir='ltr'><strong>tribuno</strong></span> <span class='ocrx_word' id='word_1_214' title='bbox 834 2587 889 2662; x_wconf 82' lang='lat' dir='ltr'><strong>pL,</strong></span> <span class='ocrx_word' id='word_1_215' title='bbox 917 2588 999 2646; x_wconf 89' lang='lat' dir='ltr'><strong>ouius</strong></span> <span class='ocrx_word' id='word_1_216' title='bbox 1023 2589 1205 2646; x_wconf 87' lang='lat' dir='ltr'><strong>mentionem</strong></span> 
     </span>
     <span class='ocr_line' id='line_1_28' title="bbox 191 2672 1205 2748; baseline 0.004 -17"><span class='ocrx_word' id='word_1_217' title='bbox 191 2673 399 2732; x_wconf 90' lang='lat' dir='ltr'><strong>creberrimam</strong></span> <span class='ocrx_word' id='word_1_218' title='bbox 423 2672 539 2731; x_wconf 83' lang='lat' dir='ltr'><strong>Tullius</strong></span> <span class='ocrx_word' id='word_1_219' title='bbox 567 2674 599 2730; x_wconf 87' lang='lat' dir='ltr'><strong>in</strong></span> <span class='ocrx_word' id='word_1_220' title='bbox 622 2673 779 2748; x_wconf 81' lang='lat' dir='ltr'><strong>Filippiois</strong></span> <span class='ocrx_word' id='word_1_221' title='bbox 806 2675 991 2734; x_wconf 88' lang='lat' dir='ltr'><strong>orationibus</strong></span> <span class='ocrx_word' id='word_1_222' title='bbox 1018 2676 1100 2734; x_wconf 83' lang='lat' dir='ltr'><strong>facit.</strong></span> <span class='ocrx_word' id='word_1_223' title='bbox 1146 2675 1205 2735; x_wconf 92' lang='lat' dir='ltr'><strong>Ob-</strong></span> 
     </span>
     <span class='ocr_line' id='line_1_29' title="bbox 190 2763 1205 2837; baseline 0.004 -18"><span class='ocrx_word' id='word_1_224' title='bbox 190 2764 321 2820; x_wconf 88' lang='lat' dir='ltr'><strong>stinante</strong></span> <span class='ocrx_word' id='word_1_225' title='bbox 344 2779 414 2820; x_wconf 87' lang='lat' dir='ltr'><strong>vero</strong></span> <span class='ocrx_word' id='word_1_226' title='bbox 441 2780 535 2836; x_wconf 88' lang='lat' dir='ltr'><strong>paene</strong></span> <span class='ocrx_word' id='word_1_227' title='bbox 559 2763 697 2820; x_wconf 90' lang='lat' dir='ltr'><strong>universo</strong></span> <span class='ocrx_word' id='word_1_228' title='bbox 720 2765 826 2820; x_wconf 87' lang='lat' dir='ltr'><strong>senatu</strong></span> <span class='ocrx_word' id='word_1_229' title='bbox 857 2781 911 2837; x_wconf 92' lang='lat' dir='ltr'><strong>pro</strong></span> <span class='ocrx_word' id='word_1_230' title='bbox 934 2765 1132 2823; x_wconf 85' lang='lat' dir='ltr'><strong>sanctimonia</strong></span> <span class='ocrx_word' id='word_1_231' title='bbox 1159 2783 1205 2823; x_wconf 88' lang='lat' dir='ltr'><strong>re·</strong></span> 
     </span>
     <span class='ocr_line' id='line_1_30' title="bbox 190 2849 1205 2928; baseline 0.005 -21"><span class='ocrx_word' id='word_1_232' title='bbox 190 2850 337 2928; x_wconf 83' lang='lat' dir='ltr'><strong>ligionum</strong></span> <span class='ocrx_word' id='word_1_233' title='bbox 370 2849 509 2908; x_wconf 88' lang='lat' dir='ltr'><strong>adversus</strong></span> <span class='ocrx_word' id='word_1_234' title='bbox 542 2851 654 2908; x_wconf 90' lang='lat' dir='ltr'><strong>crimen</strong></span> <span class='ocrx_word' id='word_1_235' title='bbox 685 2852 792 2909; x_wconf 88' lang='lat' dir='ltr'><strong>incesti</strong></span> <span class='ocrx_word' id='word_1_236' title='bbox 818 2849 930 2910; x_wconf 86' lang='lat' dir='ltr'><strong>iudices</strong></span> <span class='ocrx_word' id='word_1_237' title='bbox 958 2853 1059 2910; x_wconf 89' lang='lat' dir='ltr'><strong>tamen</strong></span> <span class='ocrx_word' id='word_1_238' title='bbox 1092 2852 1130 2910; x_wconf 90' lang='lat' dir='ltr'><strong>ad</strong></span> <span class='ocrx_word' id='word_1_239' title='bbox 1157 2872 1205 2912; x_wconf 85' lang='lat' dir='ltr'><strong>ex·</strong></span> 
     </span>
    </p>
   </div>
   <div class='ocr_carea' id='block_1_3' title="bbox 191 3035 1205 3246">
    <p class='ocr_par' dir='ltr' id='par_1_3' title="bbox 191 3035 1205 3246">
     <span class='ocr_line' id='line_1_31' title="bbox 259 3035 1205 3118; baseline 0.004 -30"><span class='ocrx_word' id='word_1_240' title='bbox 259 3040 355 3104; x_wconf 78' lang='lat' dir='ltr'><strong>19sqq.</strong></span> <span class='ocrx_word' id='word_1_241' title='bbox 380 3035 480 3089; x_wconf 75' lang='lat' dir='ltr'><strong>Ancon</strong></span> <span class='ocrx_word' id='word_1_242' title='bbox 505 3035 795 3107; x_wconf 79' lang='lat' dir='ltr'><strong>65,19C&lt;Curio</strong></span> <span class='ocrx_word' id='word_1_243' title='bbox 822 3035 925 3118; x_wconf 85' lang='lat' dir='ltr'><strong>pater&gt;</strong></span> <span class='ocrx_word' id='word_1_244' title='bbox 954 3035 1080 3090; x_wconf 87' lang='lat' dir='ltr'><strong>Curionis</strong></span> <span class='ocrx_word' id='word_1_245' title='bbox 1109 3038 1205 3092; x_wconf 86' lang='lat' dir='ltr'><strong>adule-</strong></span> 
     </span>
     <span class='ocr_line' id='line_1_32' title="bbox 191 3080 1008 3176; baseline 0.002 -18"><span class='ocrx_word' id='word_1_246' title='bbox 191 3107 294 3160; x_wconf 86' lang='lat' dir='ltr'><strong>scentie</strong></span> <span class='ocrx_word' id='word_1_247' title='bbox 313 3107 382 3172; x_wconf 84' lang='lat' dir='ltr'><strong>eius,</strong></span> <span class='ocrx_word' id='word_1_248' title='bbox 401 3106 450 3174; x_wconf 92' lang='lat' dir='ltr'><strong>qui</strong></span> <span class='ocrx_word' id='word_1_249' title='bbox 468 3105 543 3160; x_wconf 91' lang='lat' dir='ltr'><strong>bello</strong></span> <span class='ocrx_word' id='word_1_250' title='bbox 563 3106 640 3160; x_wconf 87' lang='lat' dir='ltr'><strong>civili</strong></span> <span class='ocrx_word' id='word_1_251' title='bbox 659 3080 785 3160; x_wconf 85' lang='lat' dir='ltr'><strong>Caesarie</strong></span> <span class='ocrx_word' id='word_1_252' title='bbox 804 3105 859 3160; x_wconf 79' lang='lat' dir='ltr'><strong>fuit</strong></span> <span class='ocrx_word' id='word_1_253' title='bbox 876 3108 1008 3176; x_wconf 88' lang='lat' dir='ltr'><strong>partium.</strong></span> 
     </span>
     <span class='ocr_line' id='line_1_33' title="bbox 258 3175 943 3246; baseline 0.001 -16"><span class='ocrx_word' id='word_1_254' title='bbox 258 3182 290 3230; x_wconf 76' lang='lat'><strong>27</strong></span> <span class='ocrx_word' id='word_1_255' title='bbox 319 3175 391 3230; x_wconf 91' lang='lat' dir='ltr'><strong>Phil.</strong></span> <span class='ocrx_word' id='word_1_256' title='bbox 406 3175 471 3230; x_wconf 88' lang='lat' dir='ltr'>VIII</span> <span class='ocrx_word' id='word_1_257' title='bbox 485 3182 581 3245; x_wconf 76' lang='lat' dir='ltr'><strong>llsqq</strong></span> <span class='ocrx_word' id='word_1_258' title='bbox 601 3177 720 3246; x_wconf 71' lang='lat' dir='ltr'><strong>thqq.</strong></span> <span class='ocrx_word' id='word_1_259' title='bbox 740 3175 834 3231; x_wconf 80' lang='lat' dir='ltr'><strong>xlia.</strong></span> <span class='ocrx_word' id='word_1_260' title='bbox 853 3177 943 3231; x_wconf 81' lang='lat' dir='ltr'><strong>xnr</strong></span> 
     </span>
    </p>
   </div>
   <div class='ocr_carea' id='block_1_4' title="bbox 257 3352 1134 3496">
    <p class='ocr_par' dir='ltr' id='par_1_4' title="bbox 257 3352 1134 3496">
     <span class='ocr_line' id='line_1_34' title="bbox 257 3352 1134 3496; baseline 0.01 -94"><span class='ocrx_word' id='word_1_261' title='bbox 257 3356 273 3402; x_wconf 88' lang='lat'>4</span> <span class='ocrx_word' id='word_1_262' title='bbox 306 3352 736 3420; x_wconf 81' lang='lat' dir='ltr'><strong>ratqucestumrratuo</strong></span> <span class='ocrx_word' id='word_1_263' title='bbox 758 3369 834 3496; x_wconf 72' lang='lat' dir='ltr'><strong>coer&lt;</strong></span> <span class='ocrx_word' id='word_1_264' title='bbox 848 3353 886 3408; x_wconf 89' lang='lat' dir='ltr'><strong>Or</strong></span> <span class='ocrx_word' id='word_1_265' title='bbox 967 3360 1084 3410; x_wconf 70' lang='lat' dir='ltr'><strong>bocer.</strong></span> <span class='ocrx_word' id='word_1_266' title='bbox 1108 3373 1134 3410; x_wconf 87' lang='lat' dir='ltr'><strong>m</strong></span> 
     </span>
    </p>
   </div>
   <div class='ocr_carea' id='block_1_5' title="bbox 193 3421 1206 3634">
    <p class='ocr_par' dir='ltr' id='par_1_5' title="bbox 193 3421 1206 3634">
     <span class='ocr_line' id='line_1_35' title="bbox 193 3421 1206 3551; baseline 0.009 -77"><span class='ocrx_word' id='word_1_267' title='bbox 193 3426 224 3474; x_wconf 86' lang='lat'><strong>11</strong></span> <span class='ocrx_word' id='word_1_268' title='bbox 245 3421 378 3477; x_wconf 86' lang='lat' dir='ltr'><strong>ommaC</strong></span> <span class='ocrx_word' id='word_1_269' title='bbox 447 3423 520 3495; x_wconf 80' lang='lat'><strong>21&lt;</strong></span> <span class='ocrx_word' id='word_1_270' title='bbox 500 3423 609 3496; x_wconf 77' lang='lat' dir='ltr'><strong>(nam)</strong></span> <span class='ocrx_word' id='word_1_271' title='bbox 588 3423 800 3496; x_wconf 78' lang='lat' dir='ltr'><strong>&gt;commem</strong></span> <span class='ocrx_word' id='word_1_272' title='bbox 815 3424 934 3496; x_wconf 77' lang='lat' dir='ltr'><strong>(enim)</strong></span> <span class='ocrx_word' id='word_1_273' title='bbox 914 3425 989 3496; x_wconf 87' lang='lat' dir='ltr'><strong>&gt;mo</strong></span> <span class='ocrx_word' id='word_1_274' title='bbox 1032 3427 1075 3551; x_wconf 42' lang='lat' dir='ltr'><strong>{q</strong></span> <span class='ocrx_word' id='word_1_275' title='bbox 1076 3425 1206 3551; x_wconf 49' lang='lat' dir='ltr'><strong>triguum</strong></span> 
     </span>
     <span class='ocr_line' id='line_1_36' title="bbox 193 3491 1205 3570; baseline 0.009 -27"><span class='ocrx_word' id='word_1_276' title='bbox 193 3491 298 3546; x_wconf 66' lang='lat' dir='ltr'><strong>Mulier</strong></span> <span class='ocrx_word' id='word_1_277' title='bbox 334 3491 445 3547; x_wconf 80' lang='lat' dir='ltr'><strong>estdel</strong></span> <span class='ocrx_word' id='word_1_278' title='bbox 460 3494 543 3548; x_wconf 79' lang='lat' dir='ltr'><strong>Beier</strong></span> <span class='ocrx_word' id='word_1_279' title='bbox 615 3495 833 3565; x_wconf 65' lang='lat' dir='ltr'><strong>urbequll&#39;lss</strong></span> <span class='ocrx_word' id='word_1_280' title='bbox 907 3502 939 3549; x_wconf 76' lang='lat'><strong>2⁷</strong></span> <span class='ocrx_word' id='word_1_281' title='bbox 960 3496 1031 3553; x_wconf 80' lang='lat'><strong>038</strong></span> <span class='ocrx_word' id='word_1_282' title='bbox 1060 3499 1090 3551; x_wconf 88' lang='grc' dir='ltr'><strong>ΙΝ</strong></span> <span class='ocrx_word' id='word_1_283' title='bbox 1117 3497 1205 3570; x_wconf 75' lang='grc' dir='ltr'><strong>ἸΤΕ</strong></span> 
     </span>
     <span class='ocr_line' id='line_1_37' title="bbox 193 3560 769 3634; baseline 0.012 -21"><span class='ocrx_word' id='word_1_284' title='bbox 193 3560 322 3614; x_wconf 84' lang='lat' dir='ltr'><strong>obstante</strong></span> <span class='ocrx_word' id='word_1_285' title='bbox 340 3577 396 3626; x_wconf 84' lang='lat' dir='ltr'><strong>mo,</strong></span> <span class='ocrx_word' id='word_1_286' title='bbox 414 3577 482 3618; x_wconf 74' lang='lat' dir='ltr'><strong>corr.</strong></span> <span class='ocrx_word' id='word_1_287' title='bbox 497 3563 531 3618; x_wconf 80' lang='lat' dir='ltr'><strong>st</strong></span> <span class='ocrx_word' id='word_1_288' title='bbox 601 3570 635 3618; x_wconf 80' lang='lat'><strong>28</strong></span> <span class='ocrx_word' id='word_1_289' title='bbox 653 3566 769 3634; x_wconf 89' lang='lat' dir='ltr'><strong>peueC</strong></span> 
     </span>
    </p>
   </div>
   <div class='ocr_carea' id='block_1_6' title="bbox 0 0 1354 3876">
    <p class='ocr_par' dir='ltr' id='par_1_6' title="bbox 0 0 1354 3876">
     <span class='ocr_line' id='line_1_38' title="bbox 0 0 1354 3876; baseline 0 0"><span class='ocrx_word' id='word_1_290' title='bbox 0 0 1354 3876; x_wconf 95' lang='lat' dir='ltr'><strong> </strong></span> 
     </span>
    </p>
   </div>
  </div>
 </body>
</html>
