2670 3876
165 137 252 192 XLIV
559 137 774 192 PRAEFATIO.

166 326 201 365 ex
230 306 426 367 Bobiensibus
456 309 594 382 excerpta
623 308 654 365 in
689 306 898 366 dissertatione
929 299 1028 388 mea¹)
1059 306 1178 366 demon·

127 389 136 396 “
166 397 268 455 stravi.
299 395 399 471 Atque
418 413 600 472 quamquam
620 394 781 455 Gurlittius
799 397 888 472 putat
906 395 983 454 hanc
1001 396 1179 456 sententiam

166 504 213 543 me
236 487 324 544 certis
347 484 525 545 testimoniis
543 503 603 543 non
622 487 752 558 evicisse,
775 503 951 560 persuasum
973 485 1068 544 habeo
1087 485 1178 544 nemi-

166 593 235 632 nem
257 572 464 632 dubitaturum
487 591 559 646 esse,
582 575 608 632 si
630 573 718 632 modo
736 573 874 649 perlectis
895 591 970 649 quae
992 573 1036 632 ibi
1059 575 1182 649 exposui

167 680 260 740 genus
284 662 414 735 dicendi,
442 681 500 738 quo
524 663 685 722 scholiasta
711 664 816 737 utitur,
839 681 907 721 cum
930 682 964 722 eo
988 662 1183 738 comparabit,

167 751 247 827 quod
265 751 376 810 inillis
396 753 540 828 excerptis
560 751 729 828 adhibetur,
753 751 801 809 cui
819 753 863 810 rei
880 751 1009 810 indicem
1027 751 1185 811 verborum

168 859 302 917 apposm.

235 929 290 988 His
323 931 478 1006 explicetis
509 932 571 988 iam
603 932 709 1004 restat,
741 932 776 987 ut
803 929 952 1003 omnibus,
981 931 1034 1004 qui
1060 929 1096 988 de
1126 930 1182 989 hac

168 1018 296 1078 editione
324 1017 398 1077 bene
425 1022 612 1093 meruerunt,
640 1021 753 1094 gratias
786 1037 877 1094 quam
903 1020 1048 1077 maximas
1080 1036 1184 1096 agam:
1267 1071 1271 1083 ,

167 1107 314 1182 imprimis
346 1107 532 1166 Friderico
555 1106 679 1180 Leoni,
712 1109 764 1183 qui
795 1108 933 1185 magistri
963 1107 1081 1167 nomine
1109 1107 1184 1166 mihi

168 1196 216 1271 pie
240 1195 381 1255 colendus
404 1215 463 1254 non
487 1195 582 1255 solum
605 1214 653 1254 me
672 1196 794 1256 consilio
813 1195 865 1255 sed
883 1197 974 1255 etiam
992 1214 1080 1271 opere
1103 1195 1188 1254 adiu·

168 1285 221 1359 vit,
241 1284 345 1342 deinde
361 1285 553 1344 Francisco
569 1284 691 1359 Ehrle,
705 1286 758 1360 qui
770 1284 1047 1344 benevolentissime
1062 1303 1184 1360 operam

169 1373 264 1447 dedit,
287 1377 322 1432 ut
344 1393 390 1433 me
413 1374 445 1432 in
468 1373 568 1433 codice
590 1373 700 1432 iterum
723 1375 813 1450 atque
836 1375 946 1433 iterum
968 1372 1093 1451 legendo
1118 1371 1184 1431 sub·

168 1463 294 1538 levaret,
313 1462 440 1538 denique
454 1462 704 1522 Maximiliano
719 1463 812 1521 Trou
826 1466 856 1522 et
870 1462 1017 1522 Ewaldo
1031 1461 1185 1538 Krause,

169 1553 222 1626 qui
244 1570 360 1610 mecum
382 1552 522 1630 plagulas
541 1554 737 1612 correxerunt.
770 1552 874 1627 Neque
893 1551 1058 1610 liberalitas
1076 1550 1183 1610 biblio-

169 1749 236 1788 nem
259 1730 343 1808 large
360 1731 503 1791 instruxit
520 1730 695 1806 duabusque
713 1729 824 1789 tabulis
842 1728 1045 1805 phototypicis
1065 1729 1185 1788 ornavit

170 1837 223 1877 nec
246 1821 424 1895 patientiam
448 1838 501 1895 per
524 1822 570 1878 tot
588 1837 680 1878 annos
705 1820 883 1894 temptatam
905 1817 1043 1895 perdidit.

118 1957 122 1965 .
237 1908 297 1980 Eos
319 1926 399 1980 vero,
423 1907 477 1984 qui
499 1909 578 1966 bunc
600 1907 736 1966 libellum
759 1907 868 1985 legent,
891 1925 1004 1984 precor,
1029 1906 1185 1966 utrarios

171 2015 284 2055 errores
308 1998 455 2071 excusent,
478 1996 580 2072 quiin
598 1999 712 2055 textum
731 1997 922 2072 irrepserunt.
952 1994 1073 2054 Etenim
1090 1997 1185 2053 mani·

170 2085 281 2144 festum
309 2088 354 2144 est
380 2105 440 2158 me,
469 2087 731 2161 quotienscumque
758 2087 791 2143 in
822 2084 958 2143 morbum
989 2083 1094 2160 incidi,
1126 2102 1186 2143 non

171 2173 245 2232 satis
273 2176 409 2233 accurate
436 2174 574 2251 plagulas
603 2176 749 2252 corrigere
777 2174 924 2250 potuisse,
956 2173 1072 2248 aliquot
1104 2172 1185 2231 locos

171 2261 232 2319 iam
258 2264 340 2338 typis
368 2281 519 2338 expressos
547 2262 643 2321 denuo
669 2263 700 2320 in
724 2262 823 2323 codice
846 2262 959 2322 contuli
982 2264 1072 2337 etque
1095 2262 1184 2319 corri-

172 2350 282 2428 gendos
324 2351 471 2428 intellexi3
511 2370 590 2410 nunc
631 2353 736 2427 opinor
771 2350 876 2411 tabula
915 2350 1048 2411 subiecta
1084 2367 1185 2410 omnes

171 2440 265 2515 locos,
283 2441 315 2498 in
329 2440 436 2516 quibus
455 2443 510 2498 aut
527 2440 685 2516 typothete
703 2443 757 2498 aut
776 2460 831 2519 ego
846 2442 1018 2514 erravimus,
1032 2438 1185 2498 contineri.
