2664 3886
588 232 603 292 5
623 229 736 280 27-33.
1103 225 1167 290 133

154 394 190 453 de
212 397 298 470 patre
316 395 398 468 dicit,
420 395 498 454 illud
516 398 574 455 est:
597 393 672 454 Cum
690 396 827 472 princeps
847 397 924 455 esset
941 394 1168 471 publicanorum

153 481 205 542 On.
224 482 340 543 Plancii
366 487 452 561 pater
480 487 510 543 et
542 487 668 544 societas
693 483 796 543 eadem
822 485 855 542 in
882 484 1050 543 exercendis
1077 486 1168 543 vecti·

153 571 272 651 galibus
294 575 471 651 gravissimo
498 573 607 633 damno
630 574 781 634 videretur
808 573 938 647 adfecta,
968 572 1168 633 desideratum

152 664 198 721 est
228 663 260 720 in
293 665 399 722 senatu
431 663 549 722 nomine
580 662 822 739 publicanorum,
854 664 889 720 ut
921 680 987 722 cum
1019 663 1057 721 iis
1089 662 1167 721 ratio

126 753 309 826 sputaretur
331 752 396 829 lege
421 751 596 829 Sempronia
626 754 656 810 et
678 752 861 812 remissionis
884 754 1004 810 tantum
1025 751 1109 809 fieret
1131 751 1167 809 de

153 857 268 899 summa
291 842 444 917 pecuniae,
469 844 615 917 quantum
638 842 773 916 aequitas
796 841 975 917 postularet,
997 859 1052 917 pro
1075 858 1168 914 quan·

152 930 241 987 titate
263 929 449 1005 damnorum,
472 929 580 1006 quibus
603 931 723 990 fuerant
744 929 849 989 hostili
870 931 1038 990 incursione
1058 931 1166 988 vexati.

152 1016 260 1076 Adfuit
286 1020 381 1096 igitur
408 1015 517 1078 Caesar
544 1037 650 1079 causae
676 1018 905 1096 publicanorum
932 1037 1091 1094 eorumque
1119 1016 1166 1076 de·

152 1106 284 1166 sideriis:
312 1108 493 1167 contradixit
519 1127 573 1185 pro
601 1110 704 1188 vigore
731 1109 861 1167 duritiae
888 1127 959 1168 suae
980 1107 1019 1166 M.
1041 1106 1114 1166 Oato
1138 1110 1168 1165 et

113 1214 139 1253 ro
153 1191 232 1254 diem
249 1199 348 1256 totum
365 1198 538 1274 prolixitate
557 1199 701 1258 orationis
720 1215 791 1257 suae
810 1199 976 1274 occupavit,
994 1199 1030 1256 ut
1047 1198 1167 1257 senatus

153 1283 327 1345 decernendi
346 1289 478 1363 spatium
491 1306 551 1346 non
564 1287 695 1346 haberet.
726 1287 763 1346 Id
776 1289 896 1363 tempus
914 1305 983 1364 ergo
997 1285 1167 1345 Laterensis

152 1373 346 1435 denotaverat
359 1376 542 1436 invidiosum
551 1376 675 1435 Plancio
685 1393 748 1436 esse
762 1375 906 1457 debuisse,
916 1377 1075 1452 quominus
1084 1374 1168 1434 fieret

152 1463 266 1538 aedilis,
285 1464 403 1539 quando
422 1467 508 1540 pater
526 1466 589 1523 eius
609 1463 754 1540 quaedam
771 1463 895 1524 libarius
916 1466 946 1522 et
964 1465 1092 1524 exertius
1115 1463 1167 1523 ad·

151 1569 253 1611 versus
263 1552 408 1628 quosdam
421 1554 566 1628 primores
576 1555 696 1612 senatus
705 1554 738 1611 in
751 1551 979 1629 publicanorum
988 1553 1167 1628 allegatione

111 1657 137 1699 ιτ
151 1639 282 1699 dixisset.
324 1639 359 1699 Id
377 1643 498 1700 revocat
516 1643 617 1700 orator
640 1686 690 1700 ...
714 1635 797 1720 <ed>
815 1640 1025 1715 defensionem,
1047 1641 1167 1700 licuisse

151 1728 251 1788 dicens
274 1731 435 1806 unicuique
458 1731 495 1789 de
513 1732 575 1789 suis
598 1732 717 1790 iniuriis
735 1730 828 1790 libere
851 1732 1000 1806 conqueri.

216 1818 290 1896 Ego
331 1818 607 1895 publicanorum
646 1821 684 1878 in
720 1817 752 1888 Q.
787 1817 1009 1894 Scaevolam,
1049 1820 1261 1882 vir-umect-

151 1907 315 1968 omnibus
345 1910 506 1987 ingenio,
538 1910 701 1982 iustitia,
732 1909 950 1986 integritate
978 1910 1166 1984 praestan-

150 1998 233 2073 tem,
256 2016 382 2074 aspere
401 2000 435 2057 et
453 1999 627 2058 ferociter
646 1998 744 2057 dicta
763 1996 1048 2057 commemorem?
1077 1995 1165 2056 (lon-

110 2087 223 2145 rosuli
253 2087 285 2146 P.
313 2087 467 2147 Nasicae
502 2106 632 2164 praeco
665 2085 819 2146 Granius
854 2087 970 2146 medio
1006 2089 1042 2145 in
1074 2087 1165 2160 foro,

152 2193 229 2234 cum
251 2176 316 2235 ille
339 2177 458 2236 edicto
481 2178 628 2236 iustitio
648 2176 786 2235 domum
809 2174 980 2236 decedens
1001 2177 1166 2253 rogasset

153 2260 337 2339 Granium,
375 2265 460 2340 quid
495 2267 617 2326 tristis
654 2267 764 2341 esset,
800 2283 843 2324 an
881 2264 973 2340 quod
1008 2267 1165 2324 reiectae

152 2353 340 2411 auctiones
381 2356 513 2414 essent:
555 2349 679 2414 ‘Immo
720 2350 830 2429 rero',
875 2355 1012 2430 inquit,
1058 2348 1166 2429 ‘quod

152 2435 386 2517 legationasl'

112 2544 139 2585 aa
295 2528 505 2590 Potentissime
527 2531 563 2590 ab
587 2533 728 2607 exemplis
752 2533 883 2608 qualitas
907 2531 1044 2591 absoluta
1066 2530 1164 2592 firma·

151 2619 214 2675 tur:
241 2617 359 2677 licuisse
382 2618 504 2679 Plancio
532 2619 642 2679 seniori
669 2621 814 2696 quaedam
841 2620 964 2680 liberius
992 2620 1088 2680 dicere
1110 2638 1164 2696 pro

152 2708 294 2766 societate
316 2706 552 2783 publicanorum,
575 2711 627 2784 qui
650 2712 743 2769 etiam
764 2712 797 2768 in
820 2710 853 2778 Q.
879 2709 1061 2784 Scaevolam,
1084 2710 1165 2767 omni

151 2796 263 2854 virtute
290 2799 579 2871 praestantissimum
606 2800 718 2873 vinum,
749 2797 888 2858 fiduciam
915 2817 986 2860 snae
1017 2798 1164 2857 libertatis

219 2954 234 3001 9
253 2950 287 3017 cf.
306 2947 368 3002 Val.
388 2948 461 3002 Max.
480 2949 506 3002 11
526 2954 568 3017 10,
583 2955 606 3004 ⁷.

218 3109 593 3178 tpecuniaOmo,corr.Mai
651 3110 1001 3181 8adit0,sedce'depostea
1037 3109 1161 3182 ΕΟΚΙΙἾ

151 3177 225 3246 (ΙΙΙΙΒ
236 3210 241 3222 ·
254 3180 556 3236 suesanteosnu’
583 3181 946 3238 tncuastoeeuexamo
958 3182 962 3253 l
975 3181 1164 3236 FsslTlGthlR

149 3251 288 3308 CdGSdR'
296 3251 370 3325 {lile}
428 3257 460 3305 ld
471 3252 560 3307 ἄνελ’
569 3254 839 3324 ,†3cm.=12lr‘tt.
848 3253 910 3308 κατ’
919 3253 1065 3320 ἀντίληψιν
1074 3255 1162 3322 suppl.

148 3324 190 3395 29
226 3322 417 3378 defensionem
431 3324 495 3379 Ome
514 3324 549 3378 de
562 3325 677 3379 cusiene
690 3325 733 3396 Zp
805 3331 838 3379 1⁷
857 3325 887 3378 in
902 3323 932 3390 Q.
947 3341 1003 3391 mo,
1021 3325 1096 3379 codd.
1109 3327 1162 3381 Oto.

148 3396 274 3463 nequod
339 3401 371 3450 19
386 3394 517 3449 ferociter
525 3399 555 3450 et
562 3394 650 3450 libere
660 3397 736 3451 codd.
744 3397 799 3452 θέο.
867 3401 899 3449 21
916 3395 1109 3451 dictustitiod

149 3471 183 3519 22
220 3465 271 3536 uid
284 3467 374 3520 tristis
388 3483 445 3534 mo,
463 3468 538 3522 codd.
551 3469 605 3523 oie.
621 3467 747 3534 quintius
762 3467 864 3536 quisO
933 3473 967 3522 25
987 3469 1036 3522 loc.
1051 3485 1098 3522 un.
1115 3469 1163 3522 liu.

149 3485 221 3609 4³2
228 3555 316 3592 cm.=
325 3542 363 3594 20
373 3539 423 3593 litt.
434 3539 579 3606 ἀντίληψιτ
589 3540 644 3593 ἀπὸ
653 3541 887 3606 παραδειγμάτων
900 3540 1036 3611 mappula
1046 3540 1165 3608 (metius.-

148 3608 304 3676 ἀντίληψις·
323 3609 544 3679 παραδείγματα)
618 3615 651 3662 2⁷
671 3625 743 3679 quae
763 3611 787 3665 Ο
