2664 3886
571 228 586 288 a
607 227 755 276 119-124.
1106 221 1167 286 101

222 389 300 447 Non
322 391 415 448 enim
438 391 590 468 ingrati,
614 390 674 450 sed
696 390 827 450 miseri.

222 476 287 537 Hoc
306 478 431 537 subiecit
455 525 505 536 ...
530 498 589 538 non
607 480 670 538 sine
690 479 819 555 quadam
838 475 1055 552 ἐπιδιορθώεει
1075 481 1170 557 magis

155 568 317 642 iniquitate
339 569 482 643 temporis
506 587 679 643 oppressum
697 570 841 644 populum
859 569 894 627 a.
909 587 1000 644 quam
1018 571 1171 646 ingratum

156 658 186 714 et
208 657 401 715 inmemorem
424 657 498 715 bene
521 659 622 715 meriti
645 659 718 716 civis
741 657 840 717 fuisse.

129 763 141 803 a
222 744 366 820 Poetae,
390 765 539 822 quorum
562 766 625 824 ego
649 765 787 821 semper
809 749 957 823 ingenia
980 746 1101 805 dilexi.
1189 751 1274 812 5123.
1298 776 1300 781 ·

221 834 289 893 Non
303 836 423 893 tantum
441 835 618 894 lectionibus
637 854 739 893 eorum
757 836 991 911 frequentandis,
1010 835 1061 894 sed
1080 837 1172 893 etiam

156 922 289 982 versibus
312 923 529 984 conseribendis
554 924 747 983 manifestum
774 928 819 984 est
846 926 1010 983 amatorem
1037 925 1171 1000 poeticae

154 1013 199 1070 rei
222 1011 355 1070 Tullium
382 1014 487 1087 fuisse,
519 1003 667 1088 quamvis
684 1013 722 1071 ad
749 1015 925 1087 oratoriam,
957 1033 1016 1089 qua
1043 1015 1172 1072 maxime

155 1102 316 1176 praestitit,
334 1121 394 1162 non
417 1102 556 1161 videatur
578 1103 610 1159 in
632 1101 766 1162 versibus
789 1121 846 1178 par
868 1104 915 1161 sui
937 1103 1037 1162 fuisse.

115 1209 141 1249 ro
221 1190 444 1250 Nominatim
467 1211 542 1250 sum
565 1192 774 1267 appellatus
796 1193 833 1248 in
855 1192 977 1250 Bruto.

221 1278 303 1338 Haec
322 1281 413 1338 etiam
431 1280 587 1358 tragoedia
608 1283 809 1355 praetextata3
833 1281 967 1339 Brutus
989 1280 1170 1340 inscribitur.

155 1367 191 1424 In
214 1387 273 1444 qua
296 1371 467 1428 nominatus
491 1369 612 1445 quidem
635 1369 751 1428 Tullius
775 1369 907 1443 videtur,
935 1369 987 1428 sed
1009 1389 1069 1428 non
1091 1369 1171 1428 idem

154 1458 218 1532 ipse
238 1455 349 1531 Cicero,
368 1460 514 1534 quantum
532 1459 683 1533 pertineat
701 1458 740 1516 ad
758 1458 883 1517 Accium
905 1461 1034 1533 poetam.
1072 1456 1171 1526 Quan-

154 1547 219 1603 tum
256 1546 295 1604 ad
331 1548 461 1606 actorem
497 1548 612 1619 tamen,
648 1548 711 1604 sine
748 1546 838 1605 dubio
870 1566 924 1622 per
956 1548 1171 1622 aequalitatem

116 1653 141 1693 re
156 1636 283 1694 nominis
307 1637 411 1710 utique
433 1634 612 1713 significatio
636 1636 783 1709 passionis
806 1637 870 1695 eius
894 1637 996 1694 eluxit.

132 1765 136 1772 .
222 1723 309 1783 Erat
332 1726 424 1782 enim
446 1743 572 1783 munus
597 1722 779 1798 Scipionis
803 1724 949 1802 dignum
973 1726 1007 1782 et
1031 1743 1069 1782 eo
1092 1725 1171 1799 ipso
1190 1730 1276 1789 §124-

157 1815 192 1870 et
217 1812 284 1870 illo
310 1812 471 1887 Metello,
499 1815 556 1872 cui
583 1812 744 1872 dabatur.
987 1878 989 1882 ,

223 1900 322 1975 Scipio
344 1901 401 1977 bic,
425 1904 508 1960 cuius
531 1902 606 1960 facit
628 1903 823 1976 mentionem,
850 1904 954 1977 postea
978 1899 1029 1959 Gn.
1048 1901 1172 1977 Pompei

156 2007 238 2048 socer
270 1991 341 2064 fuit,
372 1992 405 2048 in
434 1993 516 2049 exitu
543 1991 615 2049 belli
643 1992 739 2050 civilis
768 2010 821 2050 sua
848 2010 939 2050 manu
965 1993 1171 2066 interemptus.

116 2097 142 2137 so
157 2077 326 2153 Adoptione
353 2081 455 2138 tamen
478 2081 562 2138 venit
588 2081 620 2137 in
647 2081 795 2139 familiam
817 2080 1006 2139 Metellorum
1034 2082 1077 2154 et,
1105 2099 1172 2139 cum

156 2167 203 2224 illi
243 2167 349 2226 fuisset
389 2187 497 2227 nomen
537 2171 569 2227 in
609 2171 805 2245 praeteritum
844 2171 955 2248 gentile
992 2170 1106 2229 scilicet
1142 2171 1172 2228 et

156 2257 294 2314 natmale
322 2254 489 2316 Cornelio
518 2256 696 2333 Scipioni,
723 2259 918 2318 reformatum
947 2261 1004 2332 est,
1033 2262 1068 2317 ut
1095 2260 1172 2318 esset

157 2343 373 2413 oneremus
394 2345 524 2421 Scipio.
557 2346 605 2405 Ab
623 2347 679 2406 hoc
698 2348 811 2405 editum
830 2348 1043 2426 gladiatorium
1057 2350 1170 2423 speeta-

157 2435 257 2492 culum
280 2434 354 2493 dicit
376 2437 409 2493 in
431 2435 573 2494 honorem
596 2435 749 2495 funebrem
773 2435 805 2504 Q.
824 2437 947 2495 Metelli.

117 2541 142 2581 as
224 2523 329 2582 Venit
353 2523 394 2582 ab
418 2525 582 2582 columna
605 2524 753 2583 Maenia.

223 2611 306 2671 Haec
337 2615 369 2669 in
401 2614 512 2672 vicinia
544 2614 603 2671 fori
633 2615 664 2671 et
697 2615 782 2671 iuxta
814 2615 968 2673 comitium
999 2614 1098 2689 posita
1130 2616 1172 2673 sic

157 2701 376 2776 nominabatur,
409 2703 491 2762 cuius
524 2705 555 2761 et
586 2703 732 2779 originem
766 2705 796 2760 et
828 2721 948 2762 causam
980 2703 1108 2762 nominis
1139 2704 1172 2760 in

157 2791 290 2849 tractatu
327 2792 496 2849 orationum
532 2791 773 2865 praecedentium
809 2811 856 2850 me
887 2786 1033 2868 (notam)
1068 2792 1172 2850 fecisse

226 2947 259 2996 18
279 2947 312 2995 19
331 2943 365 3008 cf.
381 2941 442 2995 Val.
458 2941 530 2995 Max.
549 2941 588 2994 HI
607 2948 689 3009 2,13.
716 2942 774 2996 Liv.
790 2957 848 3011 per.
865 2940 957 2997 cxlv.

226 3017 259 3066 20
277 3013 312 3079 os.
331 3012 385 3066 Dio
404 3011 478 3066 Cass.
498 3013 545 3065 XL
570 3019 612 3080 51,
627 3019 651 3066 3.
750 3087 752 3092 Ι

225 3178 241 3225 2
261 3174 310 3227 lae.
325 3173 353 3244 ¹s,
367 3172 460 3243 -1-411,
476 3175 518 3227 ccl
535 3172 585 3244 4¹s,
601 3189 650 3228 ern.
661 3199 694 3218 =
706 3177 742 3228 12
754 3175 796 3228 cet
815 3179 849 3227 10
863 3175 913 3228 litt.
997 3214 1074 3229 .....
1082 3172 1170 3246 lblcel

158 3245 470 3299 lac.2crn.==5litt.
552 3246 697 3314 bergoO
778 3245 954 3299 10sunm0
1029 3251 1059 3298 11
1085 3245 1172 3298 etiam

159 3315 223 3370 cmo
240 3314 320 3368 Accii
339 3315 415 3369 enim
429 3317 517 3370 Halm
535 3315 622 3370 etiam
635 3315 715 3370 Accii
734 3317 790 3371 Leo
864 3323 897 3369 14
916 3315 1084 3384 qualitatem
1099 3317 1171 3383 Omo,

157 3403 225 3440 corr.
235 3387 277 3456 Zp
346 3391 378 3439 16
392 3388 504 3442 unusO
570 3393 601 3440 17
621 3387 651 3452 Q.
662 3387 776 3442 Metello
792 3388 867 3442 codd.
880 3387 933 3442 (lic.
1002 3394 1035 3441 22
1054 3389 1172 3441 naturae

159 3458 236 3524 ceu,
254 3474 322 3512 corr.
337 3458 370 3512 St
440 3460 543 3515 esseO
622 3464 656 3511 25
679 3459 716 3512 ad
732 3459 765 3526 0,
784 3476 852 3513 corr.
867 3458 900 3514 St
917 3475 935 3512 a
952 3458 1028 3514 codd.
1045 3460 1099 3514 cic.

158 3533 192 3582 26
210 3528 316 3598 positia
331 3529 354 3584 O
415 3534 448 3582 27
463 3529 542 3583 cuins
557 3531 586 3583 ct
599 3546 642 3584 mo
661 3532 753 3583 tumet
768 3531 791 3585 0
856 3536 890 3585 28
909 3530 1049 3603 (notam)
1063 3532 1105 3601 Zp

158 3598 258 3653 fecisse
278 3601 342 3654 Ome
360 3599 515 3668 explicasse
536 3601 653 3656 Gesancr
699 3613 702 3622 ⁴
