2664 3886
177 210 222 274 48
569 209 642 264 PRO
664 209 802 265 fflcco

240 379 483 438 Ambitiosum
505 379 580 438 dicit
602 379 728 438 demisse
749 383 781 438 et
803 379 936 440 officiosa
955 382 1090 457 quadarn
1107 404 1200 444 uene-

172 471 290 527 ratione
303 467 541 541 blandissimum,
559 468 637 526 unde
650 469 825 546 intellegere
840 472 937 544 possis
949 471 1106 548 inproprie
1125 493 1199 532 am-

171 557 327 616 bitiosos
341 557 379 614 de
392 557 606 635 adrogantibus
619 557 693 631 dici3
711 557 836 615 ambitio
849 555 898 616 est'
912 560 994 617 euim
1011 560 1127 622 favoris
1141 565 1199 621 ali-

173 649 258 705 cuius
267 646 392 722 supplex
406 649 437 704 et
446 665 514 704 cum
522 647 671 705 lenocinio
683 646 865 704 humilitatis
878 646 1042 707 adfectatio
1051 654 1197 727 gratiosa.

239 735 478 810 Turpissimis
500 735 660 794 indiciis.
1227 764 1241 804 5

238 824 382 896 Famosis,
405 827 440 882 ut
461 843 550 900 saepe
571 826 634 881 iam
656 823 770 882 dictum
792 827 845 882 est

73 921 151 981 μ’».
237 913 283 970 Et
305 915 398 971 furti
420 916 456 971 et
477 933 541 988 pro
564 915 661 972 socio
684 913 873 972 damnatus
896 917 958 972 est

236 1001 296 1060 Per
326 1021 444 1060 omnem
473 1002 630 1060 decursum
660 1003 756 1076 partis
777 1001 866 1060 buius
893 1002 1023 1061 destruit
1048 1024 1193 1080 personas

168 1093 293 1151 testium
324 1092 523 1168 singulorum,
563 1108 623 1165 quo
651 1092 750 1148 minus
778 1090 826 1148 his
862 1091 1042 1152 medendum
1076 1096 1193 1157 iudices

169 1181 361 1252 arbitrentur,
384 1179 492 1254 quibus
514 1179 599 1236 nulla
617 1180 697 1236 vitae
715 1178 855 1237 honestas
877 1183 1091 1254 patrocinetur.
1131 1185 1192 1246 Pro
1209 1210 1236 1249 ιο

168 1271 249 1328 socio
271 1271 373 1326 autem
399 1268 593 1339 damnantur,
620 1269 673 1342 qui
699 1270 774 1341 aput
800 1266 947 1327 urbinum
972 1270 1136 1332 infideliter
1157 1278 1191 1334 in

167 1359 311 1417 societate
334 1359 459 1435 gessisse
482 1358 706 1416 convincuntur.

233 1447 322 1505 Nam
362 1443 539 1521 Lysaniae
584 1445 736 1520 adeptus
781 1447 835 1502 est
880 1446 1041 1508 ordinem
1086 1470 1189 1511 sena-

166 1537 313 1608 torium,
348 1534 409 1593 sed
445 1555 522 1594 cum
558 1554 630 1593 rem
660 1554 690 1609 p.
719 1535 868 1592 nimium
904 1537 1190 1612 amplecteretur

166 1625 356 1700 peculatus
379 1624 569 1682 damnatus
591 1627 654 1682 est
1204 1654 1233 1693 15

231 1713 374 1791 Eleganti
414 1713 504 1773 verbo
544 1730 615 1771 usus
655 1715 714 1770 est:
754 1711 983 1788 amplectentem
1023 1719 1070 1776 est
1105 1721 1188 1777 enim

165 1802 299 1875 dubium,
320 1821 391 1860 nam
414 1805 445 1860 et
467 1804 520 1877 qui
542 1801 656 1879 diligit,
679 1801 872 1875 amplectitur
893 1805 924 1860 et
946 1805 999 1878 qui
1021 1806 1133 1881 spoliat
1156 1813 1188 1867 et

164 1892 319 1966 intercipit
342 1889 457 1966 aliquid
480 1909 516 1948 ex
538 1891 663 1948 aerario.

68 1987 145 2046 944.
231 1977 412 2048 Quattuor
434 1980 617 2038 mensuris.

229 2069 325 2127 Actus
347 2070 380 2125 in
400 2067 489 2126 Caria
510 2069 685 2143 plerumque
704 2066 824 2125 videtur
844 2087 898 2143 per
914 2069 969 2128 has
992 2090 1134 2147 personas
1154 2079 1186 2135 et
1200 2098 1228 2137 ρο

163 2157 263 2217 officia
281 2158 444 2216 decurrere.
477 2156 535 2214 Sed
554 2159 716 2216 mensarios
734 2156 817 2229 dicit,
836 2175 909 2232 quos
927 2159 975 2216 illi
992 2159 1184 2233 τραπεζίτας

162 2250 278 2307 vocant

229 2335 279 2394 Ex
301 2339 405 2394 tanto
428 2354 572 2394 numero
596 2334 770 2394 deductus
793 2338 847 2393 est
868 2355 976 2396 nemo.

225 2419 305 2484 Ἀπὸ
322 2423 390 2484 τῶν
408 2419 562 2485 ἀπόντων
580 2420 795 2498 ςυλλογιεμόε
827 2423 872 2482 ux
888 2426 928 2484 iis
944 2432 1182 2506 argumentatur,

162 2533 238 2590 quae
261 2514 368 2572 desunt
390 2514 611 2573 accusatoribus
638 2513 678 2572 ad
704 2513 911 2589 probationem
937 2518 968 2573 et
995 2535 1071 2591 qnae
1099 2524 1224 2581 omnies

160 2603 249 2662 modo
273 2607 408 2662 constare
431 2603 580 2676 deberent,
602 2604 630 2662 si
652 2602 725 2678 quid
747 2621 816 2661 vere
839 2604 1076 2666 criminarentur.

66 2698 143 2758 §45-
230 2692 339 2762 Quem
360 2692 562 2750 iudicatum
584 2692 688 2750 duxit
709 2691 932 2767 Hermippus.

226 2781 357 2841 Persona
384 2782 513 2840 hominis
540 2781 710 2854 defloratur,
742 2800 778 2839 ne
810 2800 901 2856 quam
927 2784 1022 2857 possit
1049 2789 1179 2846 auotori-

158 2874 254 2929 tatem
284 2872 370 2930 testis
397 2873 451 2928 aut
477 2871 652 2948 religionem
683 2870 741 2929 sibi
769 2869 935 2944 vindicare,
967 2874 1050 2932 onius
1081 2876 1180 2950 pudor

158 2963 246 3018 tanta
267 2960 434 3038 ignominia
455 2959 631 3038 profligatus
653 2961 706 3018 sit:
733 2959 860 3019 iudicati
882 2962 962 3019 enim
983 2962 1178 3024 ducebantur.
1192 2987 1221 3026 eo

226 3047 402 3124 Ultroque
424 3050 472 3107 iis
495 3052 649 3108 sumtum
670 3049 808 3109 intulit

225 3138 260 3196 Id
284 3141 341 3197 est:
364 3139 457 3196 etiam
479 3138 682 3216 erogationem
704 3141 818 3198 sumtus
840 3140 1000 3213 inputavit

226 3305 481 3374 ‘letprot’urtiO
551 3312 583 3360 12
602 3307 1007 3372 montemmaranum
1079 3317 1112 3366 15
1131 3315 1176 3368 eat

159 3378 489 3434 chemtmerice.
560 3384 592 3432 ιτ
611 3394 666 3446 quo
683 3376 818 3445 diligito
883 3382 916 3431 19
934 3381 1082 3436 mensariis
1096 3385 1174 3441 codd.

159 3450 215 3504 Cic.
276 3453 309 3500 21
329 3447 521 3520 ΤΡὰΠΕΖΕΙΙ
601 3449 894 3504 lacreu--sbtt
967 3451 1174 3512 attestante

158 3519 301 3574 coddoic.
374 3524 408 3570 24
427 3519 562 3590 ΕΥΛΙ...
578 3519 652 3573 ΜΟΕ
670 3519 983 3589 luc.2¹s,cm.--5litt.
1025 3539 1175 3594 argumen-

158 3590 299 3643 tanturC
368 3593 402 3641 27
421 3589 468 3644 bie
487 3591 568 3644 duxit
585 3589 661 3644 codd.
678 3590 732 3644 Cio
805 3594 1050 3660 aepenmuno
