2664 3886
570 196 753 256 §mmm
1099 190 1175 255 ma

217 359 338 435 Neque
379 353 506 435 putavi
547 359 587 418 de
628 379 695 418 uno
737 361 933 436 sagittario
975 379 1025 418 me
1063 361 1165 435 queri

151 449 351 508 convenire.
1032 519 1035 526 Ι

217 535 263 595 De
290 538 356 612 ipso
379 536 502 596 Vatinio
526 539 648 612 scilicet,
682 556 769 612 quem
799 539 1046 616 sagittarium,
1079 539 1165 613 quasi

151 627 213 684 levi
236 628 389 685 armatura
416 626 574 685 subnixum
600 627 649 686 bic
677 627 823 701 appellat,
851 628 903 702 qui
930 627 1078 686 timendus
1106 645 1165 685 non

126 714 312 790 irrideretur,
335 734 403 774 cum
425 717 540 775 maiora
563 718 661 774 essent
684 715 745 774 alia
767 717 799 773 in
822 717 952 775 exercitu
976 714 1006 774 O.
1022 714 1166 792 06666116,

154 822 230 880 quae
252 805 349 882 magis
373 801 475 863 Oicero
498 806 604 863 timore
627 803 753 863 deberet.

219 892 310 952 Acta
347 913 422 952 mea
458 893 530 952 sibi
567 895 620 952 ait
651 893 857 968 displicere.
914 893 999 962 Quis
1031 890 1167 958 1666111

154 983 215 1057 qui
238 983 352 1059 legem
374 1001 485 1041 meam
508 983 723 1041 contemnat.

219 1070 316 1129 Acute
338 1072 440 1147 rapuit
464 1116 528 1145 ...,
551 1091 611 1130 non
634 1073 669 1130 ut
691 1089 722 1130 se
745 1074 889 1150 purgaret
910 1073 1042 1146 tantum,
1065 1091 1168 1130 verum

113 1160 246 1221 66611611
282 1162 317 1218 ut
352 1162 384 1218 in
425 1160 550 1219 eundem
586 1160 617 1219 P.
648 1161 805 1219 Vatinium
846 1162 958 1220 crimen
998 1161 1169 1220 huiusmodi

153 1250 346 1325 retorqueret
392 1249 472 1308 Nam
494 1250 574 1325 quod
597 1251 642 1308 ait
669 1249 706 1307 ab
729 1269 764 1308 eo
787 1251 884 1328 legem
907 1269 992 1309 suam
1015 1269 1078 1316 esse
1101 1269 1168 1310 oon·

153 1340 287 1412 tamtam,
310 1337 460 1416 significat
482 1357 557 1413 eam,
580 1358 656 1415 quae
679 1339 850 1397 auctoribus
874 1339 1043 1398 consulibus
1068 1339 1170 1398 eodem

155 1426 295 1486 Cicerone
318 1430 348 1485 et
372 1425 402 1485 0.
416 1427 548 1486 Antonio
572 1427 608 1485 de
631 1426 746 1486 ambitu
767 1428 832 1486 lata
856 1431 901 1486 est
923 1429 1018 1487 multo
1041 1430 1171 1488 severior

154 1534 245 1591 quam
272 1518 371 1575 fuerat
397 1517 452 1575 illa
480 1514 651 1592 Calpurnia.
697 1515 958 1575 Praescribebatur
985 1518 1065 1575 enim
1091 1519 1171 1575 inter

114 1624 140 1665 ru
155 1607 266 1679 cetera,
299 1624 335 1663 ne
363 1605 538 1663 candidatus
566 1607 635 1664 ante
663 1605 816 1663 biennium
844 1624 934 1680 quam
960 1607 1171 1683 magistratum

154 1695 303 1769 petiturus
331 1696 421 1768 esset,
453 1713 560 1752 munus
592 1694 703 1770 populo
731 1693 844 1768 ederet,
876 1696 999 1770 propter
1025 1695 1171 1754 ambitum

154 1783 281 1856 scilicet,
318 1801 354 1841 ne
389 1783 447 1842 hoc
482 1784 547 1859 ipso
584 1783 738 1860 popularis
771 1785 887 1842 animus
920 1783 1088 1842 eblanditus
1119 1782 1171 1841 de-

155 1873 318 1951 signationi
337 1872 400 1932 eius
419 1872 630 1932 succumberet.
666 1870 818 1932 Adversus
836 1873 913 1931 hanc
932 1873 1006 1932 dicit
1014 1873 1171 1931 Vatinium

155 1961 273 2035 fecisse,
300 1979 367 2020 cum
394 1963 522 2020 maxime
546 1961 674 2020 ambiret
696 1961 735 2020 ad
758 1962 954 2037 optinendum
976 1962 1170 2021 tribunatum.

116 2069 142 2108 ao
221 2049 319 2110 Unus
342 2051 412 2124 166,
434 2050 582 2110 1666111
603 2050 781 2109 bestiarii.
1188 2055 1275 2116 5135.

224 2138 298 2198 Cum
320 2138 462 2199 Vatinius
493 2140 641 2199 invidiam
672 2139 729 2200 sibi
765 2158 906 2218 magnam
943 2140 1100 2200 conflasset
1136 2140 1171 2198 de

156 2230 304 2304 apparatu
341 2229 558 2306 gladiatorum,
595 2230 789 2288 simulaverat
820 2248 851 2289 66
882 2229 1039 2289 bestiarios
1071 2231 1172 2305 potius

94 2343 104 2366 s
155 2316 265 2376 habere
283 2335 373 2392 quam
392 2317 573 2395 gladiatores
593 2319 623 2376 61
641 2338 735 2376 unum
753 2319 951 2396 gladiatorem
967 2319 1171 2392 confitebatur,

157 2408 205 2465 cui
227 2425 335 2466 nomen
357 2405 452 2465 Leoni
474 2407 541 2466 fuit.
586 2405 672 2465 Hanc
694 2408 789 2485 igitur
812 2408 974 2466 stultitiam
996 2408 1035 2468 M.
1055 2408 1171 2467 Tullius

116 2513 142 2556 as
156 2495 288 2556 inridens
311 2515 416 2554 unum
438 2495 577 2554 leonem
599 2496 685 2570 dicit,
713 2495 885 2555 ducentos
908 2496 1118 2572 bestiarios,
1140 2498 1173 2556 id

157 2587 202 2643 est
211 2586 381 2659 venatores;
395 2585 458 2642 sine
473 2584 562 2643 dubio
573 2585 675 2643 volens
688 2585 825 2662 intellegi
839 2604 956 2644 omnem
964 2585 1042 2644 hanc
1050 2604 1173 2644 manum

157 2665 368 2751 gladiatoriam
405 2673 559 2732 seditionis
591 2691 681 2732 eausa
717 2676 929 2749 comparatam.
984 2673 1049 2733 Hoc
1081 2677 1173 2733 etiam

156 2762 269 2820 dictim
302 2760 338 2819 de
369 2760 469 2821 Leone
496 2762 613 2821 Tullius
645 2762 730 2835 Tiro,
762 2762 887 2822 libertus
918 2762 1062 2838 eiusdem,
1094 2765 1173 2822 inter

155 2852 237 2909 iocos
261 2848 411 2909 Ciceronis
435 2849 620 2909 adnumerat.

225 3037 470 3104 mamma

226 3222 239 3269 1
269 3215 367 3285 quaeri
392 3215 415 3270 Ο
531 3221 545 3268 7
574 3214 723 3285 displicere
746 3216 822 3270 codd.
844 3217 898 3271 Cic.
923 3215 1071 3285 displicere
1094 3233 1123 3271 66
1152 3217 1175 3272 Ο

157 3287 307 3357 displicere
330 3287 380 3340 sed
406 3303 449 3340 mo
544 3292 559 3340 9
582 3289 631 3342 loo.
650 3287 807 3358 significavi
829 3286 1012 3360 <tarpeioque
1036 3290 1091 3342 ἀπὸ
1113 3293 1172 3343 τῶν

157 3361 248 3427 ἔργων
262 3365 314 3414 τοῦ
329 3357 469 3414 ἀντιδίκου
498 3358 679 3426 1616116111,
697 3375 753 3412 161
767 3360 824 3413 Leo
889 3363 923 3412 13
942 3357 1136 3413 CiceronemC

157 3429 272 3487 166160
319 3429 457 3486 saeuam
490 3430 617 3484 seeo!
638 3437 753 3485 correcto
827 3436 859 3483 16
879 3429 995 3484 dederet
1009 3432 1085 3498 0116,
1104 3447 1172 3485 corr.

160 3501 198 3556 Or
271 3506 305 3555 18
329 3499 512 3559 ΙΙΙΙὰΤΙΝὶῑΙΜ
585 3506 617 3554 11
642 3499 838 3556 6611666610
908 3506 941 3555 16
966 3501 1172 3556 ΟΜΝΕΜδΙΟΙΤ

151 3571 664 3645 ΜΗΘΝῨΘΕΒΕδῙ-ΙΗΘἏΙΙᾹΝΌ
681 3589 735 3641 sqq.
