2670 3876
531 151 746 207 PRAEFATIO.
1031 153 1145 207 XXXIX

131 339 208 397 quae
231 319 340 396 quibus
364 321 436 380 locis
464 322 622 396 ponantur,
652 321 776 380 dubium
804 324 940 380 nonest.
986 322 1145 381 11111111-

131 410 188 468 mis
220 410 427 468 commentarii
463 409 582 488 paginis
619 411 716 469 oratio
748 409 900 469 Archiana
932 431 950 470 a
985 411 1146 471 scholiasta

10 571 11 576 η
132 498 306 574 explicatur.
351 498 484 557 Dubium
510 499 637 558 fortasse
665 517 727 558 esse
756 501 867 576 potest,
900 519 938 559 an
965 499 1038 559 haoo
1060 500 1146 558 Illam

131 587 167 646 de
190 606 258 646 aere
277 587 374 646 alieno
393 588 513 646 Milonis
531 587 668 646 habItam
686 586 844 647 subsecuta
862 589 909 648 sit.
942 589 985 647 At
1003 593 1033 648 et
1046 589 1144 650 Maius

131 676 217 735 testis
244 678 349 751 oritur,
381 677 434 752 qui
460 679 491 734 in
520 695 588 754 pag.
609 679 671 735 121
697 676 945 753 subscriptionem
967 677 1054 737 hodie
1078 697 1146 736 eva-

130 764 233 824 nidam
259 765 348 843 legit,
381 784 457 840 quae
485 784 552 825 oum
579 765 772 843 inscriptione
795 766 964 824 Archianae
987 767 1146 827 coniuncta

132 855 205 929 erat,
228 855 258 912 et
280 853 429 929 librarius,
453 855 505 932 qui
528 856 690 930 antequam
712 855 812 931 ipsum
832 855 1078 914 commentarium
1097 856 1146 915 de-

131 944 264 1018 scripsit,
295 943 420 1002 titulum
451 943 565 1020 posuit:
597 963 667 1002 cum
698 961 788 1020 supra
820 962 887 1022 pag.
909 946 970 1003 121
1000 945 1047 1003 Dc
1079 963 1147 1004 acre

131 1031 227 1092 alieno
241 1032 413 1108 scripsisset
428 1032 557 1111 paginae
567 1034 629 1092 122
641 1033 767 1092 Milonis
779 1032 941 1109 inscripsit,
955 1038 1061 1110 postea
1075 1051 1146 1092 vero

131 1139 167 1179 ea
190 1120 228 1179 ad
247 1120 472 1181 describendum
489 1121 610 1180 initium
627 1121 796 1182 Archianae
814 1141 885 1182 usus
904 1126 957 1181 est.
993 1121 1147 1182 Commen-

131 1209 237 1284 tariuS,
261 1229 348 1284 quem
371 1210 522 1289 integrum
544 1213 687 1284 tenemus,
709 1210 784 1269 VIII
806 1212 932 1288 paginas
956 1214 1090 1288 occupat.

198 1298 254 1356 His
281 1300 443 1375 exploratis
471 1300 507 1359 de
530 1299 647 1358 ambitu
669 1300 763 1359 totius
788 1301 886 1374 operis
913 1300 969 1360 hoo
997 1300 1056 1360 (lici
1079 1304 1145 1376 pot-

131 1391 189 1448 est:
219 1387 469 1447 verisimillimum
501 1391 546 1448 est
578 1388 709 1448 codicem
740 1388 931 1464 Bobiensem,
966 1391 1049 1448 cuius
1077 1391 1146 1448 reli-

132 1477 220 1552 quiae
242 1476 328 1535 nobis
352 1481 487 1537 servatae
511 1479 590 1552 sunt,
613 1477 741 1535 LXXIII
765 1478 974 1552 quaterniones
997 1477 1147 1553 habuisse,

132 1584 147 1625 e
172 1564 279 1641 quibus
306 1569 422 1626 restant
448 1566 577 1644 paginae
600 1565 723 1640 0011113
760 1568 912 1625 intereas
935 1566 1146 1642 quaterniones

129 1654 242 1730 integri
263 1653 327 1713 IIII
354 1659 525 1731 supersunt,
557 1675 635 1714 nnus
666 1657 820 1730 praeterea
852 1673 888 1714 ex
914 1657 1000 1730 parte
1027 1657 1148 1713 tantum

131 1743 296 1819 descriptus
324 1735 490 1826 (ultimus):
513 1745 615 1819 itaque
647 1763 685 1803 ne
716 1745 855 1820 qulntam
882 1743 1002 1819 quidem
1029 1745 1147 1819 partem

131 1831 312 1891 scholiorum
335 1835 477 1893 tenemus.
523 1833 589 1894 Hac
612 1833 647 1891 (11
676 1851 767 1892 causa
789 1832 864 1891 mihi
886 1833 1063 1909 persuadere
1087 1851 1148 1892 non

130 1939 253 1997 possum
284 1923 361 1997 fore,
393 1925 428 1981 ut
460 1922 579 1982 etiamsi
606 1922 698 1982 tertia
724 1941 794 1998 pars
822 1921 932 1982 codicis
955 1925 1074 1998 reperta
1098 1921 1147 1998 sit,

130 2009 311 2069 schohorum
333 2011 451 2087 reliqua
474 2030 543 2088 pars
566 2012 597 2069 in
620 2012 675 2070 illa
699 2004 892 2093 detegatur.²)

197 2098 284 2158 Nunc
306 2100 441 2158 ordinem
464 2100 606 2160 foliorum
626 2101 673 2159 his
692 2100 971 2160 ratiocinationibus
990 2101 1148 2159 inventum

130 2187 274 2247 enarrabo
282 2180 323 2268 ἢκ

196 2276 389 2336 Ambrosiani
412 2278 462 2337 45.
492 2279 614 2348 46„35.
641 2279 681 2337 36

417 2368 467 2515 a:
492 2368 614 2515 pag
640 2368 682 2515 l}
708 2297 722 2602 l
748 2418 881 2489 a...
926 2420 985 2479 a.
1016 2420 1100 2480 s...
1123 2420 1148 2480 1.

416 2546 467 2604 43.
491 2547 614 2616 44„37.
641 2547 682 2603 38

197 2641 388 2702 Ambrosiani
417 2644 448 2710 5.
471 2643 571 2714 6„11.
597 2644 637 2701 12

418 2733 445 2790 3.
470 2733 570 2802 4,,13.
597 2734 638 2791 14
696 2730 784 2801 Quat.
798 2750 817 2788 x
832 2732 864 2801 -l-
882 2735 909 2790 1.
934 2730 992 2788 Pro
1009 2729 1094 2788 Sulla
1108 2729 1146 2788 H.

418 2824 444 2879 1.
470 2821 570 2890 235.
597 2824 635 2879 16
693 2820 730 2878 In
759 2818 896 2879 Clodiam
924 2821 953 2876 et
980 2817 1147 2878 (lurionem.

197 3005 388 3066 Ambrosiani
416 3008 467 3066 49.
492 3007 615 3076 50„51.
642 3008 683 3065 52

431 3126 443 3136 -
501 3126 514 3137 -
818 3094 904 3164 Quat.
924 3093 1059 3152 XLVIII.

431 3215 443 3225 -
502 3149 598 3254 -:·
662 3216 673 3226 -
749 3183 794 3242 De
816 3202 885 3261 rege
908 3182 1118 3242 Alexandrino.

128 3340 171 3348 ,-

199 3390 228 3530 11
244 3389 282 3514 ib
300 3389 396 3516 taEbralfo
406 3389 615 3530 11119εὲ1111(
627 3461 736 3514 carnari
750 3461 961 3528 quaternionum
975 3476 1032 3514 oca
1045 3460 1148 3514 amati

128 3531 209 3586 uocis
225 3532 329 3587 melosi
344 3537 418 3599 sant,
436 3533 507 3600 solia
525 3533 628 3586 ambro
643 3532 751 3586 lineolis
769 3531 878 3586 lsbrats's
895 3531 1053 3602 1911111111
1071 3536 1146 3584 aaut.
