2670 3876
547 183 761 239 PRAEFATIO.
1123 186 1162 240 IX

145 375 208 416 esse
232 355 386 430 multoque
409 353 523 413 minore
543 371 633 429 opera
651 353 712 430 legi
729 371 816 428 posse
840 372 933 428 quam
948 353 1161 431 Ambrosiana3

144 463 242 521 neque
264 444 296 501 id
318 443 415 503 solum
438 461 473 501 eo
496 441 636 516 efficitur,
659 442 740 518 quod
764 442 888 501 clariore
911 443 978 501 luce
1000 443 1032 502 in
1054 443 1161 504 biblio·

144 533 233 593 theca
250 533 400 591 Vaticana
421 532 468 590 uti
489 531 569 606 licet,
591 532 623 588 in
641 530 841 591 Ambrosiana
861 550 971 609 magno
994 534 1093 608 spatio
1116 535 1161 592 in·

144 624 267 681 teriecto
295 620 471 680 difficillime
497 621 530 679 in
557 618 738 680 obscuritate
765 620 885 679 litterae
912 622 1162 698 internoscantur,

145 710 285 786 quodque
312 709 409 768 Maius
441 708 667 768 immoderatius
703 711 835 768 tinctura
870 709 1034 768 Mediolani
1070 729 1161 786 quam

145 798 259 857 Romae
273 817 344 858 usus
358 802 412 872 est,
426 798 477 858 sed
492 797 582 858 etiam
597 817 632 856 eo
646 798 727 873 quod
740 797 815 856 folia
828 798 977 857 Vaticana
991 817 1062 857 cura
1076 819 1160 874 prae-

144 888 217 946 fecti
242 887 275 947 P.
294 887 385 946 Ehrle
413 907 447 946 ex
471 905 612 965 compage
641 887 739 946 soluta
758 904 793 944 ao
816 904 892 945 novo
916 886 1045 962 quodam
1069 890 1160 964 atque

144 976 301 1036 excellenti
322 976 410 1035 modo
434 978 605 1036 restaurata
626 979 705 1035 sunt.
741 974 875 1034 Primum
898 978 977 1034 enim
1000 979 1160 1036 accuratis-

145 1067 218 1124 sime
245 1064 377 1143 levigata
405 1068 475 1125 sunt
501 1067 559 1138 ita,
586 1067 621 1122 ut
646 1065 820 1124 membrana
846 1065 950 1124 multis
974 1066 1048 1125 locis
1071 1070 1162 1126 antea

143 1156 298 1213 contracta
312 1155 482 1212 cautissime
502 1153 728 1229 distraheretur,
746 1153 852 1212 deinde
871 1154 945 1213 folia
958 1157 1043 1213 teuta
1057 1155 1162 1214 charta

144 1242 241 1302 solida
268 1242 453 1302 circumdata
480 1245 563 1316 sunt,
585 1262 623 1303 ne
645 1261 746 1302 rursus
770 1245 801 1302 vi
829 1262 885 1302 sua
908 1244 1159 1304 contraherentur.

143 1331 192 1390 Ita
219 1331 332 1390 factum
360 1334 418 1406 est,
445 1335 480 1391 ut
502 1335 533 1390 et
555 1332 650 1391 multo
677 1333 798 1391 leoffius
822 1332 1064 1409 commodiusque
1087 1334 1162 1392 folia

146 1419 294 1480 dissoluta
316 1420 486 1497 legerentur
513 1423 544 1480 et
566 1423 734 1480 accuratius
762 1420 882 1479 litterae
905 1425 1160 1498 cognoscerentur.

144 1508 259 1568 Ultimo
290 1527 368 1567 anno
401 1508 506 1568 deinde
536 1509 627 1569 codex
657 1509 852 1585 phototypioe
882 1527 1037 1585 expressus
1068 1513 1161 1586 atque

143 1597 315 1674 publicatus
347 1591 429 1680 est.¹)
484 1596 595 1659 Contra
625 1597 789 1656 Mediolani
821 1597 900 1657 liber
931 1597 1028 1657 adhuc
1060 1603 1162 1658 manet

144 1686 307 1763 neglectus,
329 1686 388 1744 nisi
411 1686 491 1762 quod
513 1706 529 1745 e
553 1704 695 1764 compage
718 1686 835 1746 solutus
858 1689 910 1745 est.
944 1685 1069 1764 Singula
1086 1688 1162 1746 folia

145 1775 306 1835 secundum
325 1775 460 1834 ordinem
482 1795 501 1834 a
518 1775 599 1835 Maio
623 1775 820 1835 constitutum
838 1776 1003 1835 servantur.
1033 1775 1161 1835 Maxime

144 1883 215 1923 vero
239 1863 399 1923 dolendum
422 1867 468 1924 est
488 1864 584 1924 adhuc
606 1865 638 1922 in
659 1863 841 1923 bibliotheca
863 1863 1063 1923 Ambrosiana
1085 1865 1161 1923 nihil

144 1971 199 2028 pro
222 1953 277 2011 hoc
300 1952 504 2028 manuscripto
526 1954 641 2012 factum
669 1971 732 2012 esse
759 1955 852 2029 atque
880 1953 1059 2029 sperandum
1082 1973 1161 2013 nunc

144 2043 243 2100 virum
267 2041 388 2101 dochum
414 2043 467 2118 qui
499 2041 526 2100 ei
549 2045 666 2118 praeest
697 2041 926 2117 palimpsestum
948 2045 1061 2102 maiore
1089 2062 1162 2102 cura

143 2132 343 2190 tractaturum
366 2149 437 2190 esse.
482 2131 586 2206 Neque
610 2130 689 2189 enim
712 2129 844 2190 dubitari
866 2132 974 2206 potest,
997 2132 1070 2206 quin
1093 2152 1161 2192 con-

144 2220 289 2278 servando
312 2223 403 2294 atque
430 2219 610 2295 publicando
638 2221 832 2295 palimpsesto
860 2220 1029 2296 praefectus
1055 2221 1160 2280 biblio-

143 2307 247 2367 thecae
265 2309 430 2368 Vaticanae
462 2308 631 2368 litterarum
661 2307 767 2368 studiis
799 2311 927 2368 maxime
964 2309 1161 2370 inserviverit.

144 2395 263 2455 Etenim
278 2398 352 2458 folia
365 2399 498 2456 tinctura
511 2397 618 2456 obruta
631 2401 662 2457 et
674 2400 784 2456 totiens
799 2398 911 2456 collata
924 2401 1015 2475 atque
1029 2401 1162 2458 tractata

145 2485 237 2543 etiam
259 2487 286 2545 si
308 2488 480 2555 cautissime
502 2488 624 2563 tangas,
645 2488 817 2562 saepissime
840 2486 889 2545 vel
911 2488 1091 2564 franguntur
1113 2488 1162 2546 vel

146 2572 361 2649 dilacerantur3
375 2578 421 2634 sin
435 2576 638 2634 membranam
652 2575 811 2649 distrahas,
824 2576 987 2635 certissime
1001 2575 1161 2635 violantur.

212 2662 346 2738 Scriptus
365 2666 410 2722 est
428 2663 519 2722 codex
538 2663 702 2738 Bobiensis,
722 2666 807 2723 cuius
830 2663 974 2739 reliquiae
992 2669 1162 2739 supersunt,

145 2750 259 2810 duabus
287 2753 431 2813 columnis
462 2752 653 2812 mediocriter
683 2752 831 2830 angustis,
859 2751 1065 2828 complectitur
1088 2773 1161 2812 una-

147 2858 283 2916 quaeque
302 2841 391 2916 linea,
410 2860 537 2917 quarum
555 2841 676 2901 vicenae
696 2843 804 2918 quinae
822 2841 855 2899 in
873 2841 998 2918 singulis
1015 2841 1162 2901 columnis

147 2931 278 3004 exstant,
310 2947 395 2988 senas
425 2930 516 2990 denas
543 2930 660 2990 litteras
689 2930 820 3004 circiter,
847 2930 974 3003 nullam,
1003 2931 1029 2988 si
1050 2930 1162 2988 latinas

145 3017 263 3076 litteras
285 3018 464 3093 numerabis,
487 3019 555 3094 plus
579 3039 669 3094 quam
691 3019 801 3096 viginti
824 3017 906 3092 duas,
929 3017 1043 3076 nullam
1062 3019 1162 3079 minus

147 3124 238 3180 quam
269 3106 425 3166 duodecim
457 3109 609 3167 continere
640 3108 781 3167 invenies.
834 3107 984 3182 Exceptae
1011 3110 1082 3167 sunt
1110 3127 1162 3167 eae

144 3194 254 3269 lineae,
282 3214 410 3271 quarum
437 3195 510 3255 fines
539 3196 576 3255 ob
604 3198 875 3272 interpunctionem
901 3213 1013 3254 vacuae
1039 3196 1162 3256 relictae

144 3287 228 3358 sunt,
255 3283 292 3342 de
318 3284 399 3344 hisce
427 3290 509 3344 certa
536 3285 640 3363 regula
667 3287 740 3362 poni
766 3288 878 3362 nequit.
924 3283 969 3343 De
991 3285 1162 3345 litterarum

145 3390 223 3447 quae
246 3373 378 3433 unciales
402 3376 472 3432 sunt
493 3375 589 3433 forma
611 3375 685 3434 hacc
708 3374 970 3434 animadvertenda
993 3378 1080 3449 puto:

217 3561 244 3629 1)
262 3558 336 3614 Vide
354 3577 440 3630 supra
456 3578 484 3628 p.
498 3560 533 3629 V,
550 3563 619 3614 nota
638 3567 661 3614 1.
