2670 3876
60 361 151 431 Frgm.

59 893 150 962 Frgm.

94 965 119 1016 Π

55 2570 146 2694 Frffim.

169 200 212 264 30
450 202 498 256 DE
522 201 619 256 REGE
641 201 914 258 ALEXANDRINO.

234 369 282 428 Ut
303 372 438 446 rapiat,
462 375 501 431 ut
522 328 774 430 latrocinetur.

234 457 465 518 vehementibus
498 463 528 518 et
558 460 714 519 invidiosis
742 459 839 519 verbis
872 462 980 520 utitur:
1012 481 1073 521 non
1105 464 1184 522 enim

167 547 255 606 dixit:
287 551 326 606 ut
353 551 523 623 exposcat
554 549 807 624 hereditatem,
839 552 879 606 ut
911 548 982 608 sibi
1008 551 1183 626 vindicet,

167 636 226 710 sed,
251 655 309 710 quo
333 637 382 695 vel
404 640 532 696 maxime
555 636 651 713 pudor
674 640 912 697 consterneretur
934 638 1128 714 audientium,
1152 645 1184 699 ut

165 727 279 798 raptat,
305 726 419 800 inquit,
446 729 480 784 ut
500 727 701 794 latrocinetur,
729 745 804 801 quae
827 728 891 785 sine
914 726 1003 786 dubio
1027 747 1087 786 non
1109 729 1184 787 iuris
1210 748 1224 789 5

165 813 265 888 verba,
288 813 340 872 sed
363 815 480 874 sceleris
504 814 541 874 ab
565 814 734 874 huiusmodi
757 815 921 891 cupiditate
944 814 1122 875 deterreant.

234 902 271 960 Si
302 902 422 961 hercle
453 905 490 961 in
522 905 658 962 nostris
687 903 792 962 rebus
821 907 894 962 tam
922 921 1020 963 aeres
1051 904 1094 963 ad
1123 925 1183 980 pe-

167 991 325 1065 cuniam,
354 994 426 1050 tam
454 991 609 1066 adtenti,
644 994 717 1050 tam
745 994 848 1052 avari
875 993 1070 1053 soleremus
1099 1011 1181 1053 esse.

231 1078 337 1137 Dicere
361 1078 481 1154 quidem
504 1081 683 1158 generaliter
705 1081 832 1155 videtur,
858 1083 977 1140 etiamsi
998 1083 1032 1139 in
1054 1083 1181 1156 privatis

164 1168 298 1242 pecuniis
335 1169 420 1227 avari
450 1168 584 1228 homines
617 1172 729 1243 essent,
765 1171 797 1228 in
828 1169 956 1245 publicis
988 1172 1090 1228 tamen
1122 1171 1181 1230 dis·
1196 1191 1222 1231 ro

165 1255 382 1330 captationibus
415 1274 474 1316 non
506 1259 641 1332 oportere
671 1260 790 1317 tantam
816 1259 1012 1333 cupiditatem
1039 1261 1181 1334 pecuniae

163 1343 311 1419 profiteri,
348 1344 399 1403 sed
430 1347 534 1420 procul
566 1346 655 1405 dubio
688 1347 764 1404 nihil
796 1346 879 1405 aliud
911 1349 991 1425 agit,
1024 1366 1113 1422 quam
1147 1350 1181 1405 ut

163 1432 202 1489 M.
227 1431 326 1492 Crassi
349 1452 445 1494 mores
469 1434 602 1509 denotet,
630 1435 665 1493 de
690 1454 748 1510 quo
775 1439 895 1511 praeter
916 1437 1073 1494 historiam
1096 1455 1180 1512 prae-

163 1525 267 1597 terque
299 1523 412 1581 exitum
443 1525 548 1582 mortis
575 1525 652 1598 eius,
682 1525 716 1581 in
748 1543 838 1598 quam
865 1541 1005 1600 praeceps
1038 1524 1180 1599 quodam-

163 1611 250 1669 modo
264 1613 335 1686 ruit,
352 1629 419 1669 eum
433 1611 471 1670 ad
486 1611 668 1688 diripiendas
682 1613 823 1672 Parthiae
837 1612 924 1672 urbes
939 1613 1179 1689 opulentissimas
1195 1633 1220 1672 1⁵

163 1700 319 1758 Eufratem
346 1702 516 1775 transisset,
544 1703 636 1760 etiem
662 1703 727 1777 ipse
751 1702 867 1760 Tullius
895 1704 1076 1760 auctorest
1102 1702 1179 1762 libro

161 1790 251 1847 tertio
280 1789 315 1847 de
343 1789 462 1863 officiis,
490 1791 574 1850 omns
601 1789 693 1849 verba
719 1791 860 1864 inferam,
889 1808 946 1866 quo
969 1792 1079 1869 magis,
1108 1791 1180 1866 quid

163 1877 198 1936 de
216 1878 348 1937 moribus
367 1879 430 1937 eius
449 1878 598 1952 iudicarit,
618 1881 769 1954 appareat.
808 1879 857 1937 Sic
876 1879 954 1937 enim
972 1879 1048 1937 mihi
1064 1881 1179 1938 textum

162 1965 312 2025 recordorz
344 1967 449 2039 Itaque
480 1968 507 2025 sr'
538 1969 585 2026 atr
617 1968 708 2026 bouus
740 1968 844 2027 habeat
874 1968 949 2026 hauc
980 1969 1054 2036 cim,
1088 1973 1122 2026 ut
1151 1971 1179 2027 st

162 2054 261 2128 dtpttte
283 2055 488 2127 concrepuerit,
509 2057 604 2128 possit
630 2057 664 2115 c'u
686 2056 858 2129 locupletum
885 2060 1053 2116 testamenta
1074 2073 1179 2116 aoruca
1192 2075 1219 2114 ao

162 2144 224 2201 eius
246 2144 386 2216 irrepere,
408 2143 462 2201 hac
483 2145 514 2202 oi
535 2160 595 2202 acu
612 2148 727 2213 utatur,
753 2162 790 2204 ue
810 2145 838 2203 st
861 2145 1041 2218 exploratum
1063 2145 1179 2219 quaem

161 2230 273 2298 haheat,
296 2231 328 2289 td
346 2233 464 2290 oumtuo
481 2223 625 2292 uemurem
642 2251 783 2307 uuquam
800 2236 1026 2307 suspicaturum.
1063 2233 1178 2292 Deinde

162 2319 283 2377 subicit:
314 2317 358 2376 At
383 2320 469 2378 dares
491 2321 567 2380 taric
589 2324 649 2380 airu
671 2323 716 2380 M.
738 2321 858 2390 Crasso,
879 2327 913 2380 ut
934 2323 1092 2396 dtqttcrumr
1109 2340 1178 2396 per-

162 2409 293 2466 cussione
318 2408 399 2467 teres
420 2413 520 2481 posset
543 2411 670 2482 scriptus
697 2427 769 2478 esse,
800 2413 851 2484 qut
879 2428 911 2469 re
933 2428 1003 2470 ocra
1025 2427 1085 2470 uou
1108 2415 1179 2470 esset

161 2497 250 2564 heres,
273 2496 306 2554 ta
328 2497 402 2570 foro,
424 2499 497 2556 ruhi
519 2498 610 2568 creda
635 2499 763 2558 saltaret.
1191 2516 1217 2556 a

229 2583 296 2643 Sed
318 2587 437 2643 tamen
461 2605 550 2660 quae
574 2589 657 2645 sunt
678 2588 803 2646 nostra
824 2586 970 2646 iudicia.

229 2673 441 2749 Temptaverat
473 2672 594 2735 Crassus
630 2674 803 2734 adseverare
835 2695 894 2736 non
926 2677 1017 2735 semel
1053 2676 1089 2735 de
1120 2677 1176 2734 hac

161 2762 294 2840 Aegypti
317 2763 496 2836 hereditate,
519 2763 570 2822 sed
597 2764 836 2838 frequentissime
863 2764 1113 2840 praeiudicatum,
1141 2783 1176 2824 ac

160 2851 257 2926 primo
282 2851 402 2925 quidem
423 2851 477 2910 illo
500 2853 646 2927 tempore,
670 2871 728 2927 quo
752 2854 878 2928 pecunia
899 2855 1029 2928 repetita
1052 2871 1114 2912 esse
1138 2852 1175 2911 ab

161 2939 260 3015 Tyriis
289 2942 319 2998 et
346 2939 471 2998 advecta
498 2940 623 2999 Romam
649 2940 807 2999 videbatur
836 2943 966 3016 seposita
993 2943 1055 3000 iam
1082 2961 1176 3018 nuper
1190 2957 1217 2998 so

228 3113 260 3162 ιτ
288 3109 327 3162 ΠΙ
346 3113 389 3175 ro,
405 3113 445 3161 re.

226 3289 242 3336 4
274 3284 412 3336 maximus
442 3284 465 3337 0
534 3285 759 3338 consternaretur
786 3285 818 3340 St
893 3291 909 3339 5
937 3288 966 3339 et
992 3286 1176 3342 latrocinetur

161 3355 238 3419 Grac,
257 3369 324 3408 corr.
344 3355 385 3424 Zp
457 3353 574 3407 'ledros
595 3354 628 3420 G,
646 3371 713 3410 corr.
733 3357 859 3410 Niebuhr
939 3361 971 3409 12
991 3356 1106 3413 aliutO

160 3432 193 3478 14
212 3423 303 3491 quad
368 3428 402 3476 20
421 3423 519 3493 digitis
533 3425 675 3480 coaddic.
711 3425 816 3496 digitos
828 3427 891 3481 Ome
959 3433 992 3480 22
1008 3428 1176 3482 seuiuari-

160 3495 250 3562 ausu
339 3499 372 3547 28
392 3495 542 3549 seueritate
563 3495 592 3561 O,
610 3511 677 3552 corr.
693 3497 819 3551 Niebuhr
909 3502 942 3551 29
965 3498 1184 3568 ὰΡΤΙΒΘΙθΕδ,.

159 3564 194 3618 ab
214 3564 286 3633 Tyro
306 3566 335 3617 ct
352 3580 408 3631 mc,
426 3565 541 3621 carust
557 3567 600 3636 Za
