2670 3876
523 185 739 240 PRAEFAIIO.
1016 186 1146 241 XXXVII

129 357 262 414 servator
297 359 342 414 est
365 352 473 413 LVIII.
519 355 602 414 Inter
623 354 680 414 hoc
702 355 808 413 folium
832 357 862 412 et
885 357 1047 415 extremum
1071 375 1143 431 qua·

129 445 274 504 ternionis
297 443 351 501 LV
374 442 432 502 duo
454 444 530 502 folia
553 446 724 519 supersunt3
757 463 792 502 ex
814 444 861 503 his
884 445 1013 522 paginae
1035 445 1144 520 prioris

4 579 7 594 .
130 533 308 592 continentis
331 532 420 591 finem
443 533 648 592 commentarii
675 534 821 591 orationis
850 532 883 591 in
906 536 1013 592 senatu
1036 535 1067 593 at
1088 533 1144 592 ini-

129 621 206 680 tium
233 623 378 681 orationis
411 622 489 697 apud
516 622 662 698 populum
688 621 809 680 habitae
837 622 994 682 cohaerent
1020 623 1077 696 ita,
1109 625 1146 682 ut

129 710 271 768 intimum
308 712 513 786 quaternionis
547 729 611 770 esse
648 709 761 769 debeat.
816 710 952 769 Alterum
990 711 1145 771 continens

129 799 348 874 praefationem
389 801 420 858 et
463 801 581 874 partem
626 799 833 858 commentarii
873 799 1018 858 orationis
1058 799 1145 859 Milo·

4 879 6 894 *
129 888 250 962 nianae,
292 906 359 947 cum
394 906 489 963 neque
530 907 686 947 nnmerum
727 889 932 964 quaternionis
967 889 1146 964 inscriptum

129 976 239 1036 habeat
266 995 362 1053 neque
389 980 489 1053 partes
522 978 713 1053 cohaereant,
746 976 908 1036 secundum
939 978 988 1037 vel
1020 977 1145 1037 tertium

130 1067 336 1141 quaternionis
372 1065 439 1124 fuit.
494 1064 559 1125 Iam
595 1067 680 1141 patet
715 1067 773 1125 hoc
807 1066 914 1125 folium
949 1067 988 1126 ad
1025 1071 1145 1143 quater·

129 1156 249 1214 nionem
285 1153 383 1229 LVII,
419 1154 496 1213 illud
533 1155 571 1213 ad
607 1153 677 1213 LVI
711 1155 868 1230 pertinere.
928 1156 1028 1232 Atque
1064 1159 1145 1215 recte

129 1243 225 1303 Maius
233 1235 258 1324 ¹)
289 1243 345 1302 hoe
372 1243 478 1302 folium
510 1243 671 1318 secundnm
697 1245 789 1303 fuisse
817 1245 945 1318 censuit,
973 1247 1044 1321 quia
1066 1247 1146 1304 inter

128 1351 197 1410 pag.
223 1333 286 1391 233
319 1334 350 1391 et
382 1334 445 1392 226
484 1350 580 1408 pauca
615 1333 734 1391 tantum
770 1333 874 1392 desint.
929 1332 1025 1392 Immo
1056 1335 1145 1393 initio

128 1421 324 1497 praefationis
338 1420 521 1480 Milonianao
539 1423 719 1497 peucIssima
737 1421 836 1481 deesse
858 1440 894 1479 ex
917 1424 1057 1482 contextu
1078 1442 1145 1499 per-

129 1510 267 1586 spicuum
293 1510 340 1568 fit:
376 1511 479 1586 itaque
507 1510 646 1586 equidem
673 1530 733 1570 non
756 1508 874 1586 dubito,
898 1513 970 1585 quin
992 1511 1024 1568 in
1047 1514 1146 1587 prima

128 1600 242 1677 pagina
278 1599 481 1675 quaternionis
509 1599 594 1657 LVII
630 1599 860 1658 commentarius
897 1600 1041 1658 orationis
1077 1602 1147 1676 post

128 1687 259 1746 reditum
286 1688 325 1747 ad
351 1687 497 1764 populum
525 1687 647 1746 habitae
676 1689 828 1747 confectus
851 1688 898 1748 sit.
945 1687 1067 1748 Certum
1089 1689 1146 1766 igi-

129 1779 180 1834 tur
206 1779 251 1837 est
278 1778 429 1854 integrum
457 1779 703 1837 commentarium
730 1779 876 1837 orationis
903 1778 935 1836 in
959 1781 1066 1837 senatu
1093 1779 1145 1836 ha·

129 1864 211 1924 bitae
234 1865 289 1923 XX
311 1867 436 1944 paginas
460 1884 529 1925 cum
552 1866 665 1926 duabus
688 1867 835 1926 columnis
856 1868 1045 1943 continuisse,
1069 1869 1145 1926 veri·

129 1955 317 2014 simsslimnm
335 1957 582 2015 commentarium
600 1956 743 2016 orationis
763 1955 843 2032 apud
861 1956 1006 2033 populum
1024 1955 1145 2015 habitae

129 2062 165 2102 ex
185 2043 211 2101 X
234 2045 352 2121 paginis
375 2047 406 2102 et
428 2063 489 2103 una
512 2046 650 2104 columna
673 2046 850 2117 constitisse,
874 2063 890 2103 e
913 2044 1021 2120 quibus
1045 2063 1147 2121 snper·

129 2135 201 2191 sunt
223 2135 283 2192 tres
310 2134 439 2211 paginae
467 2136 498 2192 et
519 2153 579 2192 una
602 2134 746 2193 columna.
792 2133 977 2192 Milonianao
999 2151 1145 2194 commen·

128 2222 235 2295 tarius,
258 2223 283 2280 si
305 2221 379 2280 haec
401 2224 483 2281 recta
506 2240 568 2282 esse
592 2222 805 2296 existimamus,
828 2224 945 2299 integer
962 2220 1071 2279 LXXX
1093 2240 1145 2296 pa·

129 2311 215 2387 ginas
243 2312 273 2368 et
300 2327 391 2368 unam
419 2311 588 2370 columnam
617 2311 769 2386 amplexus
798 2312 856 2384 est,
889 2330 904 2369 e
932 2310 1040 2387 quibus
1062 2311 1146 2369 XXV

129 2399 259 2476 paginae
282 2401 314 2458 et
335 2416 397 2456 una
419 2399 556 2457 columna
579 2401 749 2475 suppetunt.
795 2399 843 2457 Ad
866 2398 955 2457 finem
978 2398 1057 2458 enim
1080 2419 1145 2476 per·

129 2487 250 2546 ducitur
272 2487 438 2546 Miloniana
460 2489 493 2545 in
515 2507 583 2565 pag.
604 2489 679 2562 129,
700 2507 778 2564 quae
801 2506 868 2546 cum
893 2490 1060 2549 1302140.
1081 2490 1144 2547 139

129 2575 234 2654 folium
249 2577 413 2634 extremum
431 2578 635 2652 quaternionis
650 2575 734 2634 LXII
748 2575 848 2636 efficit.
871 2575 955 2636 Inter
969 2576 1025 2636 hoc
1039 2576 1146 2635 folium

129 2668 160 2724 et
172 2682 240 2742 pag.
257 2666 318 2724 211
336 2665 395 2725 duo
411 2668 530 2725 tantum
545 2665 619 2724 folia
633 2667 750 2725 servata
765 2668 847 2724 sunt:
862 2666 990 2724 alterum
1003 2665 1145 2724 intimum

129 2753 342 2830 quaternionis,
365 2755 495 2814 alterum
520 2755 680 2814 secundum
702 2755 750 2813 vel
772 2754 904 2813 tertium.
941 2754 987 2812 nx
1011 2756 1145 2813 oratione

129 2843 226 2901 elucet
248 2842 325 2901 illud
347 2844 378 2902 in
396 2844 592 2919 quaternione
610 2843 691 2917 LIX,
709 2843 778 2916 hoc,
798 2845 870 2918 quia
893 2842 933 2902 ad
951 2841 970 2918 ξ
988 2845 1029 2902 49
1053 2845 1144 2919 perti-

128 2934 188 3005 net,
210 2950 279 3008 pag.
296 2933 360 2992 130
379 2930 451 3007 ad§
468 2935 540 3006 101,
558 2932 590 2990 in
605 2933 798 3008 quaternione
817 2931 870 2990 LX
888 2932 1059 3009 ponendum
1073 2949 1144 2990 esse.

6 3065 13 3080 .
129 3019 269 3080 Difficilis
292 3023 338 3081 est
360 3021 505 3097 quaestio,
529 3024 630 3079 utrum
652 3020 812 3079 secundnm
836 3039 873 3079 an
895 3021 1019 3080 tertium
1037 3021 1144 3079 folium

6 3101 8 3116 ’
129 3111 182 3168 stt:
213 3127 277 3186 ego,
301 3128 368 3168 cum
390 3112 522 3185 spatium
545 3109 620 3169 VIII
641 3109 820 3187 paginarum
844 3110 881 3168 ad
904 3110 1144 3185 interpretandas

129 3195 170 3272 ἐξ
190 3199 231 3256 32
260 3197 299 3256 ad
328 3199 368 3257 36
396 3216 457 3257 non
484 3198 618 3258 sufficere
646 3197 777 3273 credam,
808 3201 932 3258 tertium
960 3199 1067 3258 folium
1090 3216 1144 3258 nos

128 3289 230 3346 tenere
256 3289 339 3362 puto.
386 3285 582 3363 Subsequitur
609 3289 837 3358 commentarius
861 3287 1028 3364 Sestianae,
1059 3289 1144 3346 cuius

6 3367 11 3380 '
128 3375 261 3434 maxima
283 3394 352 3451 pars
372 3378 455 3436 extat
472 3378 504 3434 in
522 3376 725 3452 palimpsesto,
749 3395 854 3453 nempe
870 3376 997 3435 XXXVI
1014 3379 1145 3454 paginae

202 3563 228 3627 1)
247 3565 328 3618 Aust.
347 3564 426 3618 clusa
445 3564 489 3632 II,
503 3581 533 3633 p.
549 3567 593 3630 91,
611 3570 678 3619 nota
695 3567 722 3618 2.
