2664 3886
169 243 212 308 52
561 241 633 296 rao
657 241 792 297 unacco

311 429 370 486 quo
398 429 505 488 genere
531 409 644 488 figurae
672 410 845 470 creberrime
876 411 985 486 utitur,
1018 413 1048 469 ot
1073 409 1181 468 idcirco

169 501 259 560 semol
291 501 381 575 atquo
412 498 520 558 iterum
551 499 786 559 demonstratum
813 502 874 559 iam
901 502 933 558 in
960 500 1064 558 ceteris
1092 500 1182 557 etiam

169 608 223 649 sua
245 592 350 666 sponte
375 589 468 648 lector
491 588 659 666 adgnoscet.

236 677 450 756 subsignari
477 680 565 754 aput
593 678 771 737 aerarium
798 680 860 736 aut
888 679 974 754 aput
1002 694 1182 736 censorem

169 768 319 844 possint.
1211 783 1223 824 s

119 887 124 895 -
236 857 280 915 De
302 859 365 915 iure
387 856 521 932 loquitur
542 856 745 932 praediorum,
773 856 804 914 in
828 874 904 930 quae
926 874 979 930 per
1001 857 1062 914 vim
1086 856 1116 912 et
1137 854 1184 911 in-

92 954 96 959 '
169 947 278 1004 iuriam
299 944 456 1004 videbatur
477 946 622 1004 invasisse
640 946 795 1005 Decianus.
831 944 959 1004 Praedia
981 945 1090 1018 autern,
1108 961 1184 1019 quae

168 1037 232 1092 iure
264 1035 398 1111 legitimo
429 1051 490 1093 non
521 1033 680 1107 habentur,
712 1053 806 1109 neque
838 1036 913 1111 aput
944 1034 1090 1092 aerarium
1118 1032 1184 1091 sub·

169 1124 283 1201 signari
317 1141 413 1197 noque
450 1125 524 1197 aput
555 1140 704 1181 censorem
736 1126 867 1199 possunt.
922 1122 962 1180 Et
993 1119 1185 1199 subsignandi

169 1212 242 1270 haec
265 1210 379 1270 solebat
402 1227 490 1268 causa
508 1205 601 1288 (esso,
624 1206 680 1289 ut>
698 1214 751 1269 aut
773 1211 825 1286 qui
847 1210 1007 1288 vectigalia
1029 1210 1186 1269 redimeret
1200 1228 1226 1268 ro

171 1303 223 1360 aut
246 1300 298 1376 qui
320 1318 374 1376 pro
397 1300 532 1375 mancipe
551 1300 742 1378 vectigalium
761 1299 848 1358 fidem
867 1318 953 1360 suam
975 1299 1185 1375 interponeret,

170 1389 234 1448 loco
257 1389 388 1467 pigneris
411 1387 534 1465 praedia
557 1407 611 1448 sua
633 1391 677 1447 rei
700 1408 728 1464 p.
748 1388 923 1467 obligarent,
947 1388 1045 1464 quoad
1069 1406 1185 1447 omnem

170 1479 326 1555 pecuniam
348 1478 526 1536 redemtoros
549 1477 742 1556 vectigalium
764 1480 963 1554 repensarent.

78 1570 154 1631 §82-
240 1567 287 1625 Ut
310 1567 456 1626 duceret
478 1566 672 1626 iudicium?

236 1656 279 1714 Ut
300 1655 488 1732 protraheret
510 1674 617 1715 causae
640 1658 847 1734 cognitionem.
1201 1672 1225 1712 re

236 1744 411 1805 invidisti
442 1745 588 1824 ingenio
621 1745 883 1821 subscriptoris
910 1745 977 1819 tui,
1010 1743 1102 1819 quod
1131 1761 1185 1802 or·

171 1834 281 1893 nabat
303 1835 419 1892 facete
442 1834 559 1893 locum
582 1854 683 1910 quem
706 1833 909 1910 prenderat.

237 1923 319 1982 Haec
472 1921 578 1984 (licere,
615 1923 688 1980 dicit
728 1921 943 1982 intentissimos
985 1925 1116 1981 oratores
1156 1924 1186 1980 et

172 2013 255 2070 nulla
292 2013 477 2086 eloquentiae
512 2011 663 2087 praeditos
700 2011 845 2089 dignitate
876 2012 979 2071 volens
1011 2010 1186 2088 significare,

172 2095 245 2176 q'uos
282 2119 335 2159 nec
371 2101 498 2175 pecunia
534 2101 689 2175 corruptos
723 2099 761 2158 ab
793 2101 894 2175 aliquo
926 2099 1070 2175 suspicari
1106 2101 1185 2177 quis·
1200 2119 1227 2158 eo

173 2208 263 2265 quam
303 2188 422 2264 debeat,
462 2207 587 2264 quorum
628 2191 781 2266 ingenium
818 2189 928 2265 despici
965 2190 1060 2267 magis
1097 2207 1187 2264 quam

77 2285 81 2294 “
172 2278 272 2337 timeri
295 2280 451 2354 oporteret.

77 2368 153 2430 ἓ83·
239 2366 284 2426 Et
328 2385 403 2424 eum
449 2369 486 2423 tu
530 2383 675 2426 accusas
716 2367 909 2441 avaritiae,
954 2387 1054 2444 quem
1095 2366 1186 2426 dicis

172 2455 380 2516 sestertium
403 2454 541 2514 viciens
563 2447 722 2515 voluisse
745 2454 916 2532 perdere?

240 2543 313 2603 (lum
336 2544 481 2604 stomachi
504 2544 663 2620 asperitate
685 2544 830 2621 proscidit
851 2544 1021 2618 Lucceium,
1049 2546 1102 2620 qui
1123 2547 1187 2603 tam
1201 2561 1226 2602 eo

172 2635 283 2693 nullius
313 2633 498 2708 eloquentiae
526 2633 578 2708 sit,
609 2635 644 2691 ut
670 2634 794 2693 Flaccus
821 2651 887 2692 eam
914 2635 1070 2710 pecuniam
1097 2633 1188 2692 firerit

112 2797 115 2804 ,
172 2724 342 2800 perditurus
365 2741 399 2782 eo
426 2725 579 2798 parcente,
611 2724 663 2798 qui
689 2726 751 2781 tam
779 2722 863 2781 inani
890 2725 967 2781 esset
992 2723 1125 2800 ingenio,
1153 2726 1187 2780 ut

174 2815 230 2872 etsi
251 2813 378 2870 maxime
402 2814 530 2887 cuperet,
553 2814 654 2870 tamen
676 2830 780 2872 nocere
802 2829 861 2870 non
884 2814 991 2888 posset.

77 2904 153 2964 584-
239 2901 341 2960 Nihil
372 2902 492 2976 potest
523 2900 563 2958 de
595 2901 712 2959 tutela
744 2899 909 2978 legitima
936 2900 1008 2958 nisi
1035 2899 1187 2959 omnium

173 2993 332 3050 tutorum
355 2990 575 3048 auctoritate
598 2989 764 3048 deminui.
1068 3057 1069 3062 η
1201 3007 1227 3048 sc

242 3201 255 3247 1
280 3195 331 3248 lac.
346 3198 363 3248 6
376 3211 425 3248 eru.
436 3219 469 3238 =
485 3199 519 3248 14
533 3195 584 3249 titt.
600 3195 805 3262 παραειώπηει(
821 3193 910 3264 suppl.
924 3155 970 3248 m
1039 3199 1055 3247 ὅ
1074 3196 1188 3338 possent

177 3264 329 3334 Opossint
347 3265 490 3320 coddtlic.
564 3269 579 3317 6
608 3265 705 3331 queo
739 3335 745 3347 .
776 3270 809 3318 10
837 3281 922 3319 cauea
940 3263 1022 3338 <esse
1040 3265 1073 3318 ut
1112 3265 1145 3321 St

176 3334 384 3463 d'e'sslbciclaeusg
406 3334 811 3463 <113ssm114=iu9dilptpm
830 3337 870 3462 ἔτ’
886 3409 909 3463 εἰ
927 3335 1088 3463 ddelddcdde
1110 3337 1187 3463 doadi

176 3423 343 3560 etbcbvuace
420 3483 453 3530 23
481 3448 649 3560 auaritieli·
696 3426 838 3534 dicensi)
909 3426 944 3532 dl
972 3425 1187 3548 perderdpcbd.

178 3551 232 3630 Cic.
248 3548 364 3618 prodere
380 3549 444 3603 Ome
511 3553 545 3602 25
564 3548 690 3612 Laehum
706 3551 769 3606 Ome
839 3556 872 3604 26
892 3552 994 3606 eumO
1063 3555 1097 3603 29
1117 3551 1189 3604 nihil

179 3636 254 3673 enim
277 3618 353 3675 codd.
369 3620 423 3674 ca.
482 3619 537 3673 nisi
557 3620 656 3676 Osine
674 3621 750 3678 codd.
767 3622 820 3678 cc.
