2670 3876
520 189 734 246 PRAEFATIO.
1071 193 1140 248 XXI

121 362 203 436 89,7
227 359 359 436 syllabas
386 376 441 431 que
467 364 553 418 etse
579 361 611 418 in
639 380 730 418 unum
753 361 877 420 verbum
905 362 1066 439 contraxit3
1091 363 1139 423 his

119 449 215 509 tribus
243 449 316 508 locis
344 451 442 508 totum
470 449 657 507 enuntiatum
679 467 739 508 non
762 449 944 526 descriptum
967 454 1019 510 est,
1068 449 1139 511 Gor·

120 539 203 615 rupit
215 537 354 598 librarius
368 537 460 597 verba
477 539 530 612 ita,
549 540 583 596 ut
600 541 717 613 partem
735 539 900 598 omitteret:
921 540 1020 613 99,1e
1040 542 1139 600 sentia

115 645 173 703 pro
196 629 356 701 sententia,
386 626 459 700 106,
478 637 511 684 23
539 626 689 686 nobilibus
707 644 766 700 pro
793 627 989 702 notabilibus,
1015 630 1138 702 113,10

120 717 188 793 plus
206 733 264 790 pro
286 716 402 793 pulsus,
427 716 499 789 121,
514 726 547 774 21
567 734 634 773 nem
652 718 889 792 proaemium,
915 718 1035 790 123,15
1060 720 1140 794 eopi-

122 805 261 866 ossimam
273 822 331 879 pro
350 805 598 879 copiosissimam,
619 806 692 880 127,
708 815 741 862 16
760 803 881 864 horibus
890 822 948 878 pro
963 805 1138 882 honoribus,

122 895 213 953 etiam
235 896 267 953 in
290 892 404 953 duobus
426 891 524 951 verbis
547 892 627 952 idem
649 893 763 952 factum
786 895 844 968 est3
872 895 971 969 78,18
995 897 1139 955 eruentis·

122 983 291 1042 simetiones
312 999 370 1055 pro
398 983 620 1041 cruentissimae
647 980 868 1058 dimicationem
898 983 1001 1060 107,2
1030 984 1138 1043 seduli·

121 1075 198 1132 tates
216 1089 274 1146 pro
297 1070 348 1130 sed
370 1070 531 1144 utilitates,
556 1089 642 1145 saepe
665 1071 872 1146 praecedentia
889 1072 980 1131 verba
998 1073 1138 1132 librarius

10 1203 11 1208 1
121 1178 189 1219 cum
212 1159 401 1237 sequentibus
429 1158 564 1219 confudit
590 1159 639 1218 111
667 1162 823 1236 sequentia
847 1180 914 1220 cum
936 1162 1137 1238 praecedenti·

121 1249 189 1323 bus3
209 1252 308 1324 24,13
326 1249 498 1307 indicuntur
516 1252 582 1307 1110
600 1248 709 1324 induci,
733 1252 784 1324 33,
799 1261 815 1308 6
839 1249 1057 1311 adiurationam
1070 1255 1140 1325 post

121 1337 280 1413 adfectent,
304 1339 404 1413 68,13
428 1337 612 1412 conspiraret
629 1342 699 1411 post
715 1339 937 1414 conspiratione
954 1358 1012 1412 pro
1034 1344 1138 1416 postu·

120 1428 232 1501 lerant,
260 1429 346 1502 89,9
374 1426 522 1484 uecultius
544 1430 614 1500 post
639 1445 723 1500 nero,
754 1429 826 1501 142,
845 1438 879 1486 21
909 1427 1047 1486 fortunae
1069 1433 1139 1502 post

120 1516 257 1575 fortunae
279 1533 337 1590 pro
363 1517 519 1590 pecuniae,
550 1516 670 1590 14311
698 1514 845 1590 possimus
868 1520 937 1589 post
963 1518 1064 1591 potest
1080 1535 1138 1590 pro

120 1604 254 1665 velimus.
305 1603 489 1674 Quibusdam
516 1604 589 1663 locis
617 1605 805 1664 amanuensis
833 1604 952 1682 singula
975 1607 1029 1663 aut
1050 1606 1138 1680 plura

119 1693 213 1753 verba
234 1693 356 1753 iteravit
374 1695 409 1751 11
429 1693 501 1767 105,
521 1703 562 1752 11.
589 1694 777 1769 125,11.11.
798 1694 871 1768 133,
885 1702 910 1752 s.
932 1693 1005 1767 136,
1019 1704 1043 1752 3.
1065 1695 1138 1768 141,

122 1793 165 1841 15.
191 1784 263 1857 142,
277 1793 320 1841 29.
345 1783 418 1857 147,
433 1793 456 1840 1.
495 1780 553 1840 Sed
576 1800 758 1858 quamquam
780 1781 912 1841 dubitari
934 1784 1046 1859 nequit,
1066 1783 1138 1858 quin

121 1870 261 1930 librarius
290 1870 549 1948 neglegentissime
581 1871 613 1928 in
645 1870 745 1931 codiee
777 1871 969 1930 describendo
1002 1875 1137 1932 versatus

122 1961 171 2033 sit,
198 1963 297 2020 tamen
326 1960 510 2036 corruptelae
536 1959 637 2035 plures
660 1963 742 2035 siant,
765 1979 857 2037 quam
879 1964 914 2019 ut
937 1960 1000 2019 sola
1022 1961 1138 2021 incuria

122 2051 311 2109 amanuensis
340 2049 531 2126 explicentur.
583 2048 628 2108 Ao
657 2051 788 2124 primum
818 2049 938 2125 quidem
967 2068 1062 2125 paene
1093 2050 1138 2110 in·

122 2137 252 2197 numeris
265 2139 339 2198 locis
352 2137 485 2197 litteram
494 2155 524 2194 m
533 2137 687 2197 scribendo
697 2138 745 2197 111
754 2138 856 2196 omisit
864 2138 912 2196 vel
926 2138 1003 2196 falso
1013 2138 1138 2198 adiecit:

123 2243 213 2300 apro
231 2245 280 2286 am
299 2229 410 2286 exstat:
430 2226 481 2300 28,
496 2236 537 2284 27.
559 2227 668 2303 3Ο,14.
694 2227 745 2301 68,
761 2239 785 2285 7.
805 2228 913 2302 82,14.
935 2228 986 2301 93,
1001 2238 1043 2286 21.
1065 2228 1138 2303 103,

123 2325 165 2374 20.
182 2317 289 2392 104,1.
306 2316 553 2389 125,7.126,17.
569 2334 618 2373 am
627 2333 685 2389 pro
700 2335 731 2375 a:
747 2317 775 2391 8,
786 2327 829 2375 22.
841 2316 869 2392 9,
880 2325 922 2374 20.
936 2316 985 2393 12,
996 2327 1020 2374 2.
1033 2317 1085 2391 27,
1095 2326 1138 2375 20.

123 2405 175 2478 32,
189 2415 215 2463 4.
239 2406 290 2478 37,
306 2417 329 2464 1.
354 2404 405 2480 48,
420 2414 463 2464 28.
488 2405 539 2480 54,
553 2415 578 2462 4.
595 2414 637 2464 10.
666 2406 774 2478 75,28.
804 2404 856 2480 84,
871 2415 895 2463 2.
911 2404 963 2477 88,
977 2415 1020 2463 20.
1047 2406 1098 2481 90,
1113 2416 1138 2464 6.

124 2494 176 2566 97,
190 2503 215 2552 s.
232 2495 344 2569 106,1.
360 2494 433 2569 110,
449 2504 490 2554 17.
509 2494 639 2567 145,11.
657 2495 729 2567 147,
744 2504 768 2551 6.
786 2493 860 2568 152,
874 2502 898 2550 a.
915 2493 988 2569 158,
1004 2505 1028 2552 1.
1042 2494 1139 2552 multo

123 2584 240 2657 saepius
256 2602 271 2642 1
290 2586 316 2641 ct
333 2601 380 2642 em
397 2582 478 2642 inter
492 2600 522 2641 se
542 2581 773 2657 confunduntur,
786 2583 884 2640 rarius
908 2603 927 2640 u
943 2586 1041 2640 etum.
1073 2581 1140 2641 Hoc

60 2695 67 2708 ·
123 2690 157 2731 eo
182 2671 336 2747 explicari,
360 2671 440 2747 quod
456 2673 489 2730 in
508 2671 678 2747 exemplari,
701 2690 760 2748 quo
779 2670 969 2730 amanuensis
991 2688 1062 2729 usus
1086 2673 1139 2744 est,

122 2779 152 2818 m
173 2759 250 2818 illud
278 2762 419 2820 omissum
445 2761 493 2820 vel
520 2760 597 2819 falso
624 2759 774 2819 adiectum
801 2759 911 2818 lineola
939 2758 1140 2835 significatum

123 2851 197 2923 erat,
208 2851 400 2909 manifestum
411 2853 464 2909 est.
478 2849 655 2908 Universam
669 2848 911 2907 terminationem
922 2848 1014 2906 etiam
1027 2850 1138 2922 puncto

121 2940 242 2996 tantum
260 2941 396 2998 notatam
414 2938 505 2998 firisse
519 2937 679 2997 verisimile
698 2956 732 2996 eo
750 2936 794 3012 fit,
813 2937 893 3013 quod
906 2936 938 2994 in
959 2935 985 2995 0
1001 2941 1139 2995 ΤΚΙΒΙΙΝ·

122 3029 234 3102 emat,
269 3027 371 3103 itaque
402 3027 449 3086 his
481 3027 595 3086 duobus
631 3027 727 3085 modis
765 3026 895 3085 codicem
930 3024 1018 3083 illum
1052 3043 1140 3084 usum

122 3132 186 3175 esse
216 3118 298 3192 puto.
348 3116 450 3175 lltiam
480 3117 513 3173 in
544 3115 685 3174 litteras
716 3114 870 3175 scribenda
902 3134 969 3174 eum
1001 3113 1140 3173 similiter

122 3204 218 3281 egisse
246 3206 275 3263 ei
301 3205 360 3264 loci
387 3205 546 3280 spondent,
574 3203 681 3280 quibus
704 3222 719 3263 s
747 3206 889 3264 omissum
911 3203 960 3263 vel
987 3203 1064 3264 falso
1089 3203 1139 3262 ad·

122 3292 218 3352 ditum
243 3296 300 3353 est:
326 3295 376 3368 10,
390 3304 415 3352 4.
440 3295 549 3370 37,11.
574 3294 626 3368 75,
640 3306 665 3352 4.
685 3295 737 3368 81,
752 3305 775 3353 1.
801 3296 891 3369 82,4.
917 3293 1008 3370 89,1.
1029 3295 1139 3368 96,11.

125 3383 199 3456 102,
211 3393 255 3454 11.
282 3382 410 3458 118,11.
433 3384 506 3458 125,
521 3393 563 3441 ao.
585 3384 697 3457 126,1.
722 3385 794 3458 127,
810 3395 834 3442 1.
856 3383 929 3458 145,
945 3394 986 3442 11.
1008 3383 1082 3456 147,
1098 3391 1139 3441 11.

125 3471 255 3546 16014.
282 3472 354 3548 162,
370 3483 392 3532 1.
408 3483 456 3548 11,
482 3473 589 3546 18,10.
615 3472 666 3546 47,
682 3482 723 3530 11.
745 3472 795 3544 74,
811 3483 852 3531 11.
878 3472 986 3546 83,11.
1008 3472 1081 3545 124,
1097 3480 1138 3528 11.

124 3571 167 3619 21.
193 3563 266 3637 125,
280 3572 323 3620 20.
367 3561 404 3620 In
426 3561 483 3621 hac
506 3579 624 3638 quoque
646 3559 794 3619 litteral)
814 3560 981 3636 exemplum
1000 3557 1139 3623 exhibere
