2670 3876
165 158 209 222 10
535 156 606 212 rao
629 157 659 212 r.
680 157 794 212 suum

162 327 352 388 abstinerent.
398 325 563 402 Aliquanto
591 329 695 403 postea
722 329 853 388 severior
881 328 928 386 lex
957 325 1119 402 Calpurnia
1146 329 1176 385 et

161 418 288 494 pecunia
310 417 453 475 multavit
475 418 505 475 et
526 418 559 475 in
581 419 759 493 perpetuum
781 416 942 477 honoribus
964 418 1054 477 iussit
1076 434 1175 475 carere

162 506 334 579 damnatos3
370 504 521 564 habebant
555 507 657 564 tamen
693 507 846 566 licentiam
882 505 994 565 Romae
1029 505 1175 566 morandi.

161 595 278 669 Postea,
296 596 358 652 iam
376 595 526 654 damnatis
542 594 626 671 Sylla
644 597 674 654 et
687 594 844 669 Autronio,
864 613 991 672 poenam
1009 594 1045 654 de
1060 594 1175 653 ambitu

89 723 91 728 -
162 685 330 762 graviorem
356 685 490 744 consules
519 681 549 745 0.
572 683 722 744 Antonius
750 687 781 744 et
808 682 910 744 Cicero
938 686 1111 757 sanxerunt,
1141 685 1176 742 ut
1203 701 1215 742 s

79 820 81 827 ,
161 775 280 850 praeter
315 773 388 832 haee
419 772 569 833 veteribus
605 773 721 852 legibus
758 774 922 834 constituta
958 774 1050 832 etiam
1086 773 1175 832 exilio

161 863 369 921 multarentur.
987 867 990 874 ⁴

228 951 273 1009 Et
299 951 399 1010 locus
432 953 486 1011 est
511 953 589 1027 ipse
616 970 684 1010 non
716 954 789 1010 tam
821 951 864 1011 ad
895 950 1175 1010 inflammandos

161 1040 456 1099 calamitosorum
502 1041 653 1114 animos,
700 1059 803 1117 quam
849 1040 891 1100 ad
936 1039 1175 1100 consolandos

161 1128 459 1189 accommodatus.
679 1121 682 1126 ’
1190 1146 1215 1186 ro

311 1217 543 1293 Neapolitanam
577 1219 732 1277 civitatem
763 1219 868 1295 procul
900 1219 991 1278 fuisse
1024 1216 1062 1276 ab
1093 1219 1175 1276 omni

161 1307 299 1384 contagio
348 1305 431 1366 illius
477 1307 692 1367 coniurationis
742 1325 777 1366 ae
826 1309 984 1384 propterea
1029 1306 1175 1366 delectam

45 1468 48 1474 Ι
160 1394 193 1456 P.
222 1394 336 1470 Syllae,
377 1397 412 1454 ut
447 1394 491 1454 ibi
531 1414 591 1455 non
634 1396 794 1456 sceleratus
830 1397 951 1471 lateret,
993 1395 1044 1456 sed
1085 1397 1175 1454 miser

162 1485 390 1559 conquiesceret.

73 1579 149 1643 518.
227 1572 402 1632 Veniebat
434 1575 526 1632 enim
559 1573 601 1633 ad
633 1593 684 1634 me
712 1577 747 1634 et
774 1593 879 1651 saepe
907 1573 1078 1634 veniebat
1104 1572 1174 1631 Au·
1189 1591 1214 1633 rs

160 1665 311 1722 tronius.

227 1750 394 1811 Salubriter
416 1752 529 1810 institit
550 1753 621 1811 huic
639 1754 728 1830 parti,
751 1753 854 1812 multis
874 1755 904 1811 et
926 1753 1057 1828 inpensis
1080 1753 1174 1828 preci·

159 1841 214 1901 bus
238 1841 383 1900 auxilium
411 1839 590 1901 defensionis
619 1843 856 1902 commemoratis
886 1843 1036 1900 amicitiae
1064 1842 1173 1900 veteris

161 1932 270 1990 officiis
294 1928 475 1988 Autronium
498 1931 665 2006 postulasse
687 1931 857 2006 multosque
880 1931 955 1991 alios
979 1929 1018 1989 ad
1039 1930 1096 1989 hoe
1118 1931 1173 1988 im·

160 2018 338 2097 patrandum
378 2036 432 2093 pro
469 2036 500 2078 se
537 2018 742 2095 deprecatores
779 2019 948 2080 adhibuisse
983 2037 1037 2079 nee
1073 2021 1174 2078 tamen
1188 2038 1214 2078 ao

161 2110 329 2180 extorsisse,
357 2108 392 2164 ut
418 2109 562 2183 patronus
590 2110 618 2168 ei
641 2112 671 2167 et
694 2109 830 2168 defensor
857 2108 1027 2169 adsisteret:
1059 2127 1095 2167 ne
1118 2108 1174 2166 hoo

160 2198 257 2256 dicere
290 2195 475 2256 adversarius
508 2200 620 2273 posset:
653 2189 779 2258 ‘Idcirco
815 2197 997 2257 Autronium
1033 2216 1094 2256 non
1125 2197 1174 2256 de·

159 2285 295 2358 fendisti,
328 2284 407 2359 quod
438 2303 497 2344 non
529 2289 603 2346 satis
636 2289 739 2365 egerit,
772 2290 806 2346 ut
838 2306 856 2346 a
887 2289 917 2346 te
950 2280 1174 2346 defenderetur.'

160 2374 219 2434 Sed
250 2376 277 2434 si
302 2373 358 2432 hoe
389 2375 607 2449 impensissime
634 2376 808 2452 deprecatus
837 2378 882 2435 est
908 2393 963 2435 nec
991 2376 1174 2451 impetravit,

159 2463 256 2523 videri
277 2464 340 2521 iam
366 2465 465 2539 potest
491 2464 602 2524 ideirco
626 2464 665 2524 ad
687 2464 902 2524 defendendum
926 2464 1042 2542 Syllam
1063 2465 1173 2538 venire,
1187 2481 1214 2522 ss

160 2553 240 2629 quod
262 2553 298 2612 de
322 2553 385 2611 eius
408 2553 579 2614 innocentia
602 2557 699 2615 certus
723 2556 770 2615 sit.

72 2649 88 2710 ς
107 2646 148 2695 21.
226 2641 325 2712 Quod
343 2640 499 2718 tandem,
518 2642 713 2720 Torquate,
735 2640 903 2722 regnum?
940 2641 1172 2716 Consulatus,

160 2732 278 2806 eredo,
305 2731 386 2804 mei;
418 2732 455 2788 in
483 2751 550 2807 quo
578 2751 641 2811 ego
669 2734 847 2809 imperavi
868 2732 952 2790 nihil.

227 2820 438 2880 (tumulaturus
456 2822 602 2881 invidiam
617 2822 785 2898 Torquatus
803 2823 836 2880 in
850 2839 1008 2897 personam
1025 2821 1065 2879 M.
1080 2820 1173 2879 Tullii

160 2916 190 2971 et
207 2913 263 2971 hoc
277 2910 401 2982 dixerat,
420 2910 550 2984 quodam
568 2911 655 2970 illum
673 2913 782 2987 spiritu
797 2911 879 2970 velut
896 2912 997 2988 regiae
1015 2911 1173 2985 potestatis
1188 2926 1214 2966 so

160 3019 328 3076 exposcere,
373 2999 408 3056 ut
449 2999 534 3076 Sylla
578 3002 719 3060 innocens
759 3000 914 3061 iudicetur.
983 2998 1088 3073 Itaque

228 3178 311 3240 lsqq.
331 3175 366 3240 cs.
386 3166 486 3223 Asoon.
507 3176 606 3236 61,11.

227 3330 446 3387 lmultafuitG
505 3329 704 3385 AdsmnatiG
764 3331 947 3384 tsanserunt
963 3331 1009 3385 Um
1074 3335 1106 3382 ll
1123 3330 1173 3383 loc.

159 3417 206 3454 ua.
227 3401 275 3454 liu.
291 3403 324 3471 -l-
343 3402 396 3473 2¹s,
416 3419 465 3457 ern.
480 3428 514 3448 =
533 3406 569 3456 21
589 3403 639 3457 litt.
664 3403 808 3469 ἐνθύμημα
828 3404 952 3457 ἀπὸτοῦ
975 3403 1084 3456 τόπουῖ

161 3476 193 3525 17
214 3472 365 3526 Passera-
439 3478 473 3527 20
492 3473 705 3542 depraecatores
726 3474 748 3529 Ο
823 3479 857 3526 24
876 3471 1060 3541 depraecetur
1081 3472 1104 3526 0

160 3548 193 3596 31
214 3543 263 3597 loc.
279 3547 358 3599 lom
375 3546 523 3600 =1olue
544 3547 571 3600 ἐξ
591 3544 738 3600 ὲναντίουῗ
