2670 3876
168 124 187 188 8
540 115 612 177 PRO
636 122 665 177 P.
686 122 802 176 SYLLA

79 297 157 359 511.
233 292 331 352 Duae
367 293 639 352 coniurationes
677 291 738 350 abs
779 295 826 367 te,
864 291 1057 367 Torquate,
1098 311 1180 352 con·

167 383 380 441 stituuntur.

234 468 407 530 coniuratio
449 469 560 531 diversi
600 471 717 547 generis
758 469 886 529 infertur
925 471 1076 548 geminata
1112 489 1180 547 pro-

167 561 315 637 positione
335 563 364 618 et
385 558 421 618 fit
440 578 458 618 a
475 559 514 617 M.
529 558 629 618 Tullio
648 558 869 618 consultissima
892 561 922 617 et
944 577 1004 617 non
1021 560 1179 618 incuriosis

166 647 325 708 lectoribus
363 647 538 708 admnsnds
575 647 727 722 discretio,
764 651 798 707 ut
834 648 931 706 solum
966 650 1083 724 ternpus
1115 649 1180 725 ipse
1208 667 1220 708 s

167 736 307 797 defendet
326 738 539 797 coniurationis
559 738 631 811 eius,
649 755 726 812 quae
745 754 776 796 se
795 737 915 796 consule
933 736 1115 814 deprehensa
1131 738 1180 812 sit,

166 826 242 885 illud
269 844 339 887 vero
368 827 503 903 superius
526 826 687 885 Hortensio
715 827 922 902 patrocinante
948 826 1080 885 fateatur
1103 825 1181 884 dilu-

167 915 232 976 cide
255 918 433 992 peroratum.
471 914 519 974 Ita
541 934 595 973 nec
617 914 652 973 fit
674 915 737 974 nlla
755 917 872 975 iactura
890 913 1078 989 defensionis,
1102 915 1181 990 quod

166 1004 242 1064 illud
257 1005 392 1082 superius
407 1007 524 1080 tempus
539 1005 669 1077 omittat,
688 1005 829 1079 quoniam
848 1003 981 1063 defendit
993 1003 1181 1079 Hortensius,

167 1097 197 1152 et
219 1113 287 1152 cum
309 1093 365 1152 hoc
388 1093 446 1152 sibi
468 1093 658 1170 potissimum
676 1093 759 1152 velut
781 1095 924 1170 privatim
943 1096 973 1152 et
991 1094 1181 1170 peculiariter
1195 1111 1221 1152 ro

167 1181 299 1241 vindicet
323 1180 360 1240 ad
388 1181 570 1256 diluendum,
592 1182 688 1258 magis
716 1183 904 1240 existimatur
926 1183 1098 1242 testimonio
1123 1183 1181 1241 niti
1244 1255 1247 1262 r

169 1289 259 1346 quam
281 1269 456 1346 probatione
480 1269 638 1329 defendens
663 1288 698 1329 ea
720 1270 842 1345 scilicet,
865 1270 974 1346 quibus
994 1272 1059 1348 ipse
1078 1272 1181 1331 consul

168 1359 313 1418 interfiat.
1185 1411 1187 1415 ,

80 1452 156 1513 §122
234 1447 328 1526 Ergo
351 1449 462 1508 istius
486 1449 753 1508 coniurationis
777 1449 910 1508 crimen
933 1447 1116 1508 defensum
1139 1448 1180 1507 ab

167 1555 205 1597 eo
229 1540 297 1612 est,
320 1538 381 1613 qui
403 1537 585 1596 interfuit.
1196 1553 1221 1597 15

232 1625 301 1685 Non
329 1629 484 1687 contentus
513 1625 571 1685 sibi
598 1628 651 1685 uni
679 1626 830 1687 vindicare
858 1628 943 1686 testis
972 1628 1181 1687 auctoritatem

167 1717 258 1776 etiarn
280 1717 312 1774 in
335 1715 388 1774 illo
412 1715 615 1792 praecedentis
639 1717 852 1774 coniurationis
875 1718 1016 1792 tempore,
1040 1717 1182 1791 quoniam

167 1825 197 1864 se
224 1824 284 1864 non
311 1806 423 1881 potest,
450 1804 499 1863 vel
525 1806 625 1880 ipsum
656 1805 764 1864 testem
795 1806 952 1864 constituit
978 1804 1180 1864 Hortensium.

168 1894 216 1953 Sic
249 1895 353 1953 contra
384 1894 526 1952 iniuriam
552 1894 695 1968 temporis
721 1894 877 1968 utriusque
906 1913 966 1953 non
997 1892 1180 1954 defensiones

167 1983 301 2050 duorum,
325 1982 377 2042 sed
399 1983 571 2041 testimonia
593 1981 732 2040 videntur
755 1983 873 2058 opponi,
1195 2001 1222 2041 so

233 2071 309 2129 Non
337 2070 437 2129 modo
466 2071 582 2129 animo
610 2071 705 2130 nihil
732 2073 902 2148 comperi,
933 2071 993 2131 sed
1014 2066 1116 2150 <vix>
1139 2072 1181 2131 ad

168 2161 267 2219 auris
290 2178 384 2218 meas
407 2160 515 2219 istius
539 2151 758 2235 suspicionis
782 2161 876 2219 fama
898 2162 1073 2236 pervenit.

235 2246 349 2308 Obnixe
372 2248 507 2326 negando
531 2248 567 2307 de
590 2249 645 2307 illa
663 2251 814 2326 superiore
832 2251 1037 2309 coniuratione
1055 2250 1132 2309 nihil
1150 2269 1181 2310 se

167 2339 344 2415 comperisse
375 2338 431 2397 hoc
463 2337 639 2414 persuadere
671 2339 814 2398 conititnr
842 2340 942 2397 omnia
969 2337 1027 2398 sibi
1053 2340 1085 2397 in
1113 2357 1181 2398 oon·

167 2426 267 2486 sulatu
290 2443 343 2486 suo
366 2426 458 2486 fuisse
480 2427 647 2488 manifesta.
1195 2443 1221 2486 es

83 2519 98 2578 1
119 2516 159 2566 14.
236 2515 364 2589 Multa,
383 2534 459 2575 cum
478 2535 589 2576 essem
607 2516 744 2590 consul,
764 2516 804 2574 de
818 2518 962 2576 summis
977 2517 1071 2593 reip.
1087 2517 1181 2593 peri·

167 2605 261 2664 culis
282 2604 418 2679 audivi,
441 2605 556 2664 multa
577 2606 757 2681 quaesivi,
779 2606 893 2664 multa
912 2607 1079 2684 cognov13
1102 2606 1180 2664 nul·

166 2695 221 2753 lus
246 2712 412 2769 umquam
439 2693 480 2752 de
503 2694 605 2770 Sylla
632 2695 781 2753 nuntius
810 2692 852 2753 ad
875 2713 939 2769 mc,
966 2695 1105 2753 nullum
1127 2697 1180 2753 in·

167 2782 313 2857 dicium,
327 2783 450 2842 nullae
464 2783 614 2842 litterae
628 2785 883 2860 pervenerunt,
897 2783 999 2842 nulla
1012 2785 1179 2860 suspicio.

233 2871 316 2932 Haec
338 2889 408 2931 vero
436 2891 496 2931 non
523 2874 644 2949 patroni
666 2874 761 2950 magis
786 2890 876 2947 quarn
897 2874 983 2933 testis
1007 2874 1104 2932 oratio
1128 2875 1179 2933 est.
1194 2890 1221 2930 eo

168 2959 280 3030 Quibus
305 2962 384 3020 enim
406 2960 503 3021 verbis
526 2963 738 3038 praeterquam¹
759 2963 805 3020 his
828 2963 875 3019 uti
897 2964 998 3039 posset
1022 2964 1074 3038 qui
1095 2963 1180 3022 testi-

168 3053 301 3110 monium
323 3048 501 3129 rogaretur?
537 3049 615 3110 Mira
639 3068 774 3128 ergo...
799 3052 1003 3128 optinens...
1028 3053 1114 3126 quasi
1133 3069 1180 3108 ex·

234 3291 462 3359 bdepraehensn
477 3292 525 3346 Ora
587 3297 618 3345 11
639 3291 814 3346 existimetur
829 3293 892 3348 Omo
951 3297 983 3346 21
1001 3293 1089 3366 (vix)
1103 3293 1180 3348 codd.

169 3362 222 3416 Oic.
296 3361 489 3417 1111111111ωο
521 3361 598 3416 fama
611 3379 667 3416 non
680 3381 723 3418 mo
759 3363 835 3417 fama
853 3364 929 3418 codd.
941 3363 995 3420 Cio.
1064 3369 1097 3418 2³
1112 3364 1181 3418 alle-

167 3433 260 3502 gando
270 3433 302 3488 St
365 3439 398 3485 32
415 3435 465 3489 loc.
476 3439 550 3489 4cm.
560 3461 593 3480 =
604 3439 622 3488 9
632 3436 680 3490 litt.
719 3437 769 3490 loc.
781 3435 829 3506 111,
841 3451 889 3490 orn.
899 3438 932 3505 †
942 3453 989 3490 oa.
1001 3437 1049 3491 lin.
1061 3437 1093 3506 -1-
1104 3441 1121 3490 4
1131 3452 1172 3490 cm

168 3505 373 3560 =2elttt.oez
390 3521 437 3560 un.
458 3507 505 3560 lin.
522 3508 554 3575 †
572 3511 589 3560 4
607 3523 655 3561 cm.
671 3511 755 3561 =25
775 3508 824 3562 liu.
