2664 3886
581 205 596 266 ξ
616 205 728 255 29-31.
1118 201 1158 263 Π

213 367 335 427 Cautius
353 368 448 427 multo
467 371 595 428 correxit
614 365 838 444 ἐπανορθώεει.
879 369 958 428 Nam
977 388 1044 428 eum
1062 371 1158 445 primo

143 457 261 516 fecisset
284 452 363 516 κατὰ
382 453 419 516 τὸ
437 451 507 516 ἴεον
530 460 592 518 vim
609 460 641 518 vi
660 477 722 519 esse
745 459 907 535 depulsam,
930 458 1158 534 prudentissime

142 548 247 606 statim
256 548 318 604 vim
328 544 431 604 Clodio
446 546 611 624 adscripsit,
626 549 769 607 virtutem
782 548 897 622 Miloni,
911 549 1052 623 quoniam
1063 549 1158 607 virtus

143 635 316 694 emendatae
326 637 406 694 vitae
421 637 451 694 et
464 635 582 695 honesti
596 638 689 694 animi
702 637 847 713 professio
862 638 915 711 est,
926 638 971 696 vis
984 638 1159 712 plerumque

115 743 130 784 s
145 725 307 800 corporalis
326 726 371 784 est
389 726 419 783 et
437 743 524 800 saepe
543 725 760 802 grassatoribus
777 727 994 802 congruentior.

208 812 297 871 Num
324 813 409 888 quid
431 815 548 890 igitur
571 814 670 873 aliud
696 817 728 872 in
750 815 925 873 iudicium
948 815 1061 888 venit,
1088 815 1160 874 nisi
1179 821 1193 881 ς
1214 820 1255 869 31.

142 903 223 961 uter
245 903 320 960 utri
342 901 497 962 insidias
522 901 672 961 fecerit?

210 989 373 1050 Constituit
407 993 439 1050 in
474 992 571 1052 medio
604 986 781 1066 repulsior
818 991 876 1051 τοῦ
909 986 1097 1066 κρινομένου
1131 995 1160 1049 et

142 1099 288 1140 summam
311 1082 494 1156 quaestionis
517 1081 689 1141 brevissime
709 1080 921 1157 conprehendit
944 1126 994 1140 ...
1018 1080 1159 1139 diducens

101 1187 129 1227 rc
142 1171 175 1228 in
197 1171 354 1245 utramque
379 1187 535 1244 personam
560 1172 788 1231 coniecturalem
807 1171 1061 1246 disceptationem,
1085 1189 1160 1247 quae

143 1258 294 1318 dividetur
317 1258 477 1317 secundum
505 1261 577 1319 artis
607 1262 754 1320 oratoriae
777 1262 874 1337 legem
895 1258 968 1318 locis
998 1259 1159 1334 duplicatis

231 1347 263 1405 id
299 1349 345 1406 est
380 1349 543 1408 voluntatis
664 1349 817 1408 facultatis
853 1349 968 1407 scilicet
1003 1368 1057 1424 per
1093 1366 1160 1408 con-

142 1437 336 1512 parationem.
383 1435 515 1512 Cumque
538 1439 579 1496 sit
609 1439 641 1495 in
665 1440 727 1496 arte
755 1440 959 1514 praeceptum,
989 1439 1023 1494 ut
1045 1440 1160 1496 nosmet

142 1527 224 1601 ipsos
239 1527 307 1583 ante
321 1543 489 1603 purgemus
507 1528 579 1584 tuno
594 1526 796 1585 adversarium
810 1529 1008 1600 criminemur,
1023 1527 1101 1601 quod
1116 1529 1162 1585 est

104 1632 129 1673 rs
144 1615 296 1689 antiquius
324 1617 355 1672 et
381 1616 445 1673 sine
473 1615 562 1675 dubio
590 1617 685 1694 magis
714 1616 863 1690 naturale,
892 1617 925 1674 in
947 1616 1003 1673 hac
1027 1616 1160 1674 oratione

143 1703 259 1762 Tullius
288 1707 356 1762 ante
384 1705 492 1780 arripit
518 1705 616 1764 locum
638 1706 801 1764 voluntatis
826 1705 863 1762 ad
887 1703 1071 1782 arguendum
1095 1702 1160 1763 (llo-

143 1793 235 1865 dium,
258 1794 326 1867 post
347 1792 454 1851 deinde
476 1793 696 1872 transgreditur
718 1794 757 1853 ad
776 1794 993 1854 defendendum
1010 1793 1159 1852 Milonem.

143 1881 206 1939 Nec
229 1881 310 1939 istud
332 1882 497 1941 inconsulte
520 1885 602 1956 facit,
626 1883 677 1942 sed
695 1885 874 1959 necessario,
898 1884 1008 1958 quippe
1028 1881 1159 1940 animad·

144 1972 269 2040 vertens
293 1969 361 2044 plus
389 1971 448 2030 sibi
473 1973 533 2046 ipsi
559 1971 683 2030 fiduciae
708 1973 740 2030 in
767 1973 820 2031 illo
845 1971 1022 2044 accusando,
1054 1971 1161 2029 maluit

103 2078 130 2116 sc
145 2058 297 2118 exordium
329 2058 559 2119 confirmationis
592 2058 629 2118 ab
662 2078 696 2120 eo
729 2078 846 2137 capere,
883 2065 917 2120 ut
947 2062 980 2118 in
1011 2060 1161 2119 hominem

144 2148 405 2206 sceleratissimum
427 2150 522 2226 magis
547 2165 706 2227 congruere
730 2150 893 2209 insidiandi
919 2150 1105 2210 voluntatem
1132 2151 1161 2207 et

146 2255 249 2296 causas
278 2235 415 2296 habuisse
442 2239 617 2313 praecipuas
650 2258 717 2297 eum
739 2240 929 2315 potissimum
956 2239 1079 2312 diceret,
1113 2240 1160 2296 cui

146 2324 297 2401 expediret
314 2325 441 2384 interfici
459 2327 609 2401 Milonem,
628 2347 664 2386 ne
682 2329 714 2385 in
732 2330 873 2403 praetura
891 2327 1020 2404 gerenda
1038 2325 1161 2386 haberet

143 2414 346 2490 inpedimento
368 2416 484 2474 inimici
506 2417 553 2474 sui
576 2416 771 2478 consulatum

214 2580 246 2628 13
256 2591 310 2644 sqq.
330 2576 365 2640 cf.
386 2575 501 2639 Quintil.
522 2575 572 2629 VH
591 2582 615 2641 2,
635 2582 677 2628 27.

214 2651 246 2698 11
256 2663 310 2715 sqq.
329 2647 364 2712 cf.
385 2646 500 2710 Quintil.
521 2646 571 2700 VH
590 2653 614 2714 2,
634 2653 675 2700 21.

215 2803 228 2849 1
257 2799 442 2865 ἐπανορθώεει
465 2799 506 2868 Zg
529 2797 745 2880 .l..f³cc)ccl
773 2800 822 2852 lac.
846 2798 899 2869 2¹J,
924 2816 973 2854 cm.
997 2800 1047 2854 litt.
1071 2799 1160 2867 suppl.

146 2885 268 2994 οοπριῖιια
314 2875 359 2995 02
379 2868 536 2996 dixgssetcp
554 2868 696 2996 ipcrpsgto
727 2887 859 2994 8rcrrrcdpp
875 2889 883 2924 ι
901 2872 1000 2996 Μᾶπὶο,
1012 2887 1075 2994 {oli
1085 2877 1159 2925 atro-

146 2956 207 2993 mcu
252 2956 301 2993 scr.
378 2958 409 2993 ur
548 2956 606 2993 am
763 2958 793 2995 κε
854 2958 901 2995 εον
1076 2957 1097 2994 c.
1111 2957 1159 2994 uu.

147 3012 196 3064 liu.
216 3011 249 3079 -l-
269 3015 286 3064 3
304 3028 352 3065 cra.
373 3037 406 3057 =
424 3016 461 3066 24
484 3013 535 3066 litt.
564 3014 635 3066 κατὰ
659 2959 817 3077 (τοχαεμὸῗ
834 3014 889 3066 ἀπὸ
915 3013 1089 3078 spetunca?

148 3086 181 3134 12
206 3082 255 3136 lac.
275 3081 324 3154 3¹s,
347 3083 379 3151 l-
398 3087 417 3136 2
434 3099 482 3136 cru.
502 3108 536 3128 =
556 3088 590 3138 15
609 3085 659 3138 litt.
680 3085 734 3137 ἀπὸ
759 3083 914 3150 βουλήεεωε
940 3084 1029 3152 suppl.
1047 3082 1089 3153 Zp

147 3153 197 3207 lac.
221 3158 238 3206 6
260 3169 308 3207 cru.
328 3155 361 3221 -l-
385 3171 432 3208 uu.
453 3155 500 3208 lia.
520 3155 553 3222 -l-
573 3159 590 3209 6
612 3171 661 3209 cm.
680 3179 714 3198 =
737 3159 773 3208 46
794 3155 844 3209 litt.
869 3158 914 3208 rut
937 3156 992 3208 ἀπὸ
1016 3154 1161 3219 δυνάμεως

146 3225 316 3291 ἐνθυμήμαει
339 3226 409 3278 κατὰ
429 3225 580 3291 strepitur?
646 3224 718 3297 (et)
737 3223 881 3278 facultatis
904 3241 947 3279 mc
1021 3229 1052 3277 13
1077 3225 1158 3296 CO‘l

148 3295 367 3350 ΡὰΚὰΤΙΟΝΘΜ
442 3301 474 3349 15
498 3294 642 3364 antiquius
666 3298 694 3350 et
717 3296 776 3349 sinc
800 3295 886 3349 dubio
903 3312 947 3350 mc
970 3295 1112 3362 antiquius
1132 3298 1161 3350 et

148 3365 195 3438 {ne
215 3365 299 3419 dubio
320 3367 344 3422 0
365 3366 508 3435 antiquius
532 3368 592 3421 sine
616 3366 700 3421 dubio
722 3368 760 3422 Or
783 3369 811 3421 ct
830 3367 972 3434 antiquius
991 3367 1050 3420 sine
1074 3365 1159 3420 dubio

146 3437 179 3493 St
232 3437 284 3490 hoe
299 3437 424 3492 oratione
440 3438 527 3493 Ohoc
541 3438 661 3493 oratorie
674 3454 725 3506 mo,
739 3439 859 3511 corng
928 3443 960 3491 17
975 3438 1160 3507 transgeritur

149 3509 221 3575 Ome,
240 3525 308 3563 corr.
321 3509 358 3564 Or
431 3515 463 3562 19
482 3509 547 3578 ipae
562 3511 586 3567 0
602 3526 661 3564 esse
679 3527 731 3577 mo,
749 3511 860 3566 coru&
931 3515 964 3563 21
984 3508 1159 3579 uoluptatem

147 3595 203 3646 mo,
222 3595 289 3634 corr.
307 3579 344 3634 Or·
434 3586 467 3634 23
486 3581 619 3636 interficit
638 3582 661 3637 O
729 3583 844 3650 pretura
864 3583 887 3637 0
