2676 3876
601 172 616 232 1
636 171 749 224 ss-ee.
1114 167 1178 231 149

168 333 295 393 alterum
341 352 359 392 a
403 332 529 394 Gabinio
572 335 687 395 venisse
733 334 896 413 significat,
941 335 1055 396 scilicet
1101 335 1180 411 quod

166 441 267 500 regem
289 421 495 482 Ptolemaeum
522 425 651 499 acceptis
678 423 778 484 decem
800 423 933 484 millibus
955 425 1104 484 talentum
1125 444 1180 500 per

166 513 228 571 vim
260 513 423 572 militarem
454 515 598 572 exercitus
626 513 755 572 Romani
785 515 965 573 restituisset
989 515 1024 581 in
1054 517 1179 592 regnum

166 619 260 666 suum.
316 601 356 660 Et
387 603 477 661 simul
508 603 541 662 in
571 602 627 661 hoc
659 603 870 678 epichiremate
902 601 1023 668 adhibet
1054 602 1179 662 eundem

140 690 295 750 eoolorem
317 692 378 749 iam
401 689 458 750 sibi
480 692 513 749 in
535 691 639 750 multis
662 691 846 752 orationibus
873 691 1108 767 frequentatum,
1135 691 1179 750 id·

166 780 244 840 circo
271 798 302 838 se
330 780 432 840 cedere
459 779 531 839 urbe
558 781 712 856 maluisse,
743 799 781 840 ne
809 781 881 856 quid
907 780 1066 841 seditiosae
1094 781 1179 838 dimi-

166 869 292 928 cationis
316 887 383 928 cum
405 869 568 928 multorum
592 871 682 929 exitio
705 872 903 929 moveretur,

232 956 340 1027 Quem
371 956 513 1034 quidem
549 959 706 1018 saltator
737 959 803 1018 ille
837 956 1019 1020 Catilinae
1052 957 1175 1018 consul
1195 964 1209 1024 5
1229 962 1271 1011 81.

166 1045 449 1124 proscribtionis
473 1046 752 1108 denuntiatione
774 1046 944 1108 terrebat

126 1153 152 1194 ro
233 1128 330 1195 ’ldiwc
360 1155 415 1212 pro
443 1137 590 1198 stomachi
616 1139 663 1195 sui
690 1136 853 1196 acerbitate
880 1134 1041 1196 Gabinium
1067 1136 1180 1195 lacerat
1272 1189 1275 1198 ,

166 1225 253 1300 quasi
270 1224 403 1299 famosae
421 1226 626 1302 inpudicitiae,
645 1245 733 1302 quem
748 1227 922 1286 minitatum
934 1223 1180 1302 proscribtionem

166 1315 296 1389 equestri
323 1314 421 1376 ordini
449 1317 606 1391 eapropter
629 1315 715 1388 dicit,
743 1314 823 1391 quod
849 1316 932 1376 illius
955 1315 1052 1378 edicto
1075 1315 1181 1373 fuisset

165 1401 198 1460 L.
217 1402 320 1462 Aelius
345 1421 432 1479 eques
455 1403 500 1477 R,
523 1405 571 1463 cui
593 1404 752 1470 familiaris
776 1405 910 1463 amicitia
932 1421 999 1463 cum
1021 1404 1061 1462 M.
1080 1404 1179 1462 Tullio

167 1491 274 1566 dierat,
296 1492 455 1570 relegatus.

125 1595 151 1638 re
231 1579 457 1640 Iustissimos
481 1581 635 1639 omnium
652 1581 881 1640 Metellorum
900 1582 935 1639 et
953 1581 1175 1647 clarissimos
1195 1585 1210 1646 ἓ
1229 1585 1270 1633 89.

164 1662 368 1744 triumphos
397 1669 516 1746 glorie
543 1671 577 1727 et
598 1669 704 1728 laude
727 1670 923 1746 superavit.

233 1755 308 1816 Cum
331 1760 425 1818 semet
447 1759 546 1834 ipsum
568 1760 792 1835 praepositurus
815 1759 856 1817 sit
879 1758 1052 1827 alleato
1075 1757 1181 1815 Numi-

166 1847 244 1922 dioo,
273 1849 303 1908 et
325 1848 412 1906 ilium
434 1849 536 1908 tamen
559 1849 759 1924 copiosissime
786 1847 892 1907 laudat
919 1849 949 1906 et
973 1847 1011 1906 ad
1034 1846 1182 1922 quoddam

167 1937 318 2014 egregium
346 1937 494 2012 specimen
521 1938 643 1996 virtutis
671 1935 848 2014 amplificat,
881 1937 960 2013 quod
987 1936 1127 1994 maluerit
1149 1937 1181 1994 in

126 2041 153 2082 rc
167 2025 288 2084 exilium
310 2021 397 2105 <ire>
420 2045 510 2102 quam
532 2027 631 2085 iurare
654 2027 686 2085 in
710 2027 860 2104 agrariam
886 2027 983 2104 legem
1004 2024 1119 2083 tribuni
1141 2024 1180 2099 pl.

165 2115 275 2191 Apulei
299 2113 462 2174 Saturnini.
507 2115 620 2174 Verum
643 2114 713 2190 sibi,
740 2117 776 2174 ut
799 2133 954 2192 coeperam
981 2114 1090 2188 dicere,
1117 2114 1181 2189 ipse

167 2203 283 2263 Tullius
319 2205 481 2264 maximam
517 2204 636 2264 laudem
667 2206 864 2280 praestruxit,
901 2205 953 2280 qui
986 2203 1024 2262 ad
1054 2203 1182 2262 tutelam

167 2292 272 2351 salutis
299 2291 437 2368 publicae
463 2294 642 2369 patientiam
670 2293 813 2353 discessus
839 2293 947 2369 illiue,
964 2294 1099 2369 quamvis
1123 2309 1182 2350 non

167 2380 310 2439 mediocri
332 2400 399 2440 cum
423 2380 536 2457 dolore,
564 2384 738 2458 susceperit,
765 2384 800 2441 ut
821 2384 917 2441 multo
941 2383 981 2442 sit
1002 2380 1183 2441 laudabilior

128 2483 154 2524 2⁵
168 2469 299 2544 Metello,
323 2471 375 2546 qui
397 2489 457 2529 non
478 2473 543 2529 tam
564 2489 620 2546 pro
643 2472 746 2548 vigore
769 2473 933 2531 sententiae
956 2489 1027 2530 suae

497 2602 627 2676 (Desunt
648 2604 692 2661 II
704 2605 857 2679 papauer.)

315 2736 525 2796 miserabiliter
546 2737 751 2815 intellegatur,
780 2738 877 2814 qualis
900 2737 992 2795 ferme
1014 2735 1182 2814 lugentium
1201 2735 1216 2796 t
1237 2735 1278 2784 99-

168 2845 286 2886 maeror
309 2828 363 2901 est,
386 2843 460 2902 quos
482 2827 611 2902 impetus
634 2827 745 2887 nimiae
766 2827 907 2886 karitatis
931 2826 1071 2904 exagitat.

236 3018 299 3082 top.
319 3013 354 3078 cf.
374 3011 429 3067 Cio.
448 3029 499 3081 pro
518 3012 613 3066 Rabir.
632 3013 707 3067 Post.
723 3018 800 3079 8,21.
873 3016 876 3020 ’

237 3089 334 3154 lasqq.
353 3085 388 3150 cf.
408 3083 463 3138 Cio.
482 3084 512 3137 in
530 3083 585 3137 Pis.
606 3089 648 3152 at,
660 3090 701 3138 64.
730 3084 830 3138 Ascon.
851 3089 876 3151 9,
893 3091 919 3138 4.

238 3161 334 3225 lesqq.
353 3156 388 3223 cf.
408 3154 462 3209 Cic.
482 3173 533 3224 pro
553 3154 644 3210 Sestio
664 3161 706 3222 16,
716 3160 758 3210 37.

235 3333 487 3402 4epiciremate0
552 3334 713 3388 oseoedere
726 3349 778 3401 mo,
792 3349 860 3389 corr.
873 3332 910 3388 Or
956 3332 1123 3388 seditioseO

171 3411 202 3458 12
217 3405 293 3458 dicto
310 3406 333 3461 0
403 3410 436 3459 13
452 3405 640 3474 *seques-a·
661 3404 780 3460 illustris
794 3420 879 3472 eques
892 3404 925 3458 a.
940 3404 973 3460 St
1044 3409 1076 3458 16
1091 3403 1182 3473 gloria

168 3478 199 3530 et
216 3475 301 3530 laude
316 3476 488 3532 Garatoaius
506 3475 613 3547 gloriae
631 3475 716 3530 lande
731 3477 755 3532 0
770 3476 846 3531 codd.
856 3477 910 3532 Oto.
992 3480 1027 3529 20
1041 3475 1125 3548 (ire)
1139 3489 1182 3528 mo

169 3546 293 3620 <ira>in
307 3546 463 3604 exiliumSt
525 3553 559 3601 23
573 3546 722 3616 publicet*
780 3553 812 3601 27
827 3547 1186 3618 liserabiliteerupplmo
