2670 3876
186 184 303 239 XXXVI
584 183 799 239 PRAEFATIO.

187 373 255 432 pag.
276 355 338 413 256
363 372 423 413 non
445 353 567 412 initium
589 353 794 412 commentarii
817 356 960 412 tenemus.
1004 353 1111 429 Itaque
1129 373 1199 430 pars

187 444 293 503 saltem
316 445 453 521 paginae,
476 459 552 519 quae
577 444 617 501 12
642 441 829 517 sequebatur,
854 444 1066 502 commentario
1090 445 1200 502 oratio-

187 533 233 590 nis
257 534 402 607 oeeupata
425 533 490 590 erat
513 533 543 589 et
565 549 634 606 pars
652 532 792 608 paginae,
816 549 892 607 quae
912 533 974 592 256
1000 531 1201 607 antecedebat,

187 621 261 680 item
293 621 504 680 commentario
538 622 682 696 occupata
713 623 784 679 erat.
829 620 959 680 Etiamsi
985 621 1040 679 has
1067 622 1200 699 singulas

186 712 287 787 partes
320 710 507 787 singularum
538 711 658 767 tantum
690 709 893 782 oqlumnarum
926 709 1017 769 fuisse
1049 728 1200 770 censemus

188 817 256 858 cum
292 797 521 874 subscriptione,
558 798 688 872 spatium
722 797 847 856 duarum
880 799 1085 858 columnarum
1116 818 1201 874 prae·

187 888 296 948 lationi
323 887 529 947 commentarii
559 886 733 946 Flaccianus
760 887 958 963 suppetivisse
986 889 1066 946 credi
1088 890 1201 963 nequit,

188 996 256 1036 eum
274 996 311 1035 ne
329 976 498 1035 ArchIanae
518 975 638 1050 quidem
656 978 716 1036 tres
735 976 889 1035 columnae
909 976 1085 1051 suffecerint,
1114 977 1202 1036 Milo-

187 1067 295 1124 nianae
326 1064 474 1141 praefatio
505 1083 576 1122 vero
613 1064 680 1140 plus
719 1083 810 1140 quam
847 1067 991 1141 quattuor
1023 1065 1202 1143 paginarum

189 1155 322 1230 spatium
345 1153 543 1229 occupaverit.
582 1152 648 1210 Hae
665 1153 894 1212 ratiocinatione
917 1155 999 1212 facta
1018 1154 1065 1212 illi
1084 1157 1201 1231 quater-

188 1245 292 1303 niones
316 1246 385 1301 ante
409 1243 574 1301 orationem
597 1241 632 1300 de
654 1260 724 1320 rege
746 1242 948 1301 Alexandrino
971 1243 1101 1318 ponendi
1124 1244 1200 1302 sunt.

258 1331 470 1392 Commentarii
502 1331 644 1390 orationis
678 1328 818 1389 Sullanae
855 1330 986 1390 ambitus
1023 1333 1111 1391 certis
1143 1335 1201 1391 ter·

189 1421 279 1481 minis
307 1418 509 1481 circumscribi
535 1439 596 1478 non
622 1421 734 1495 potest,
771 1421 883 1479 servati
911 1420 996 1480 nobis
1024 1423 1093 1482 sunt
1115 1421 1203 1479 XVII

188 1513 316 1590 paginae
335 1513 366 1568 et
384 1508 502 1568 XVIIII
519 1508 624 1568 lineae.
665 1509 769 1584 Neque
788 1509 878 1568 etiam
902 1511 1048 1585 quantum
1069 1510 1202 1586 spatium

189 1600 419 1660 commentarius
434 1598 577 1658 orationis
591 1599 624 1657 in
634 1596 771 1657 Clodium
785 1600 815 1658 et
825 1596 984 1657 Curionem
992 1597 1114 1658 habitae
1125 1617 1202 1658 eom·
1323 1623 1324 1626 ¹

188 1689 292 1766 plexus
316 1689 364 1762 sit,
388 1687 547 1746 diiudicari
561 1690 673 1765 potest3
696 1691 831 1748 servatae
852 1689 922 1747 sunt
940 1687 1011 1746 XIV
1025 1688 1154 1765 paginae
1173 1689 1203 1746 et

189 1797 250 1837 una
273 1778 418 1837 columna.
465 1775 567 1835 Tertia
594 1777 703 1852 oratio,
736 1778 819 1835 euius
848 1775 978 1835 ambitus
1004 1796 1064 1836 non
1087 1776 1202 1836 definiri

189 1869 302 1943 potest,
330 1866 366 1925 de
393 1884 462 1943 rege
485 1864 687 1924 Alexandrino
715 1867 767 1924 est.
813 1864 899 1925 Hanc
926 1869 1039 1925 eertum
1067 1868 1113 1925 est
1135 1867 1202 1941 plus

190 1974 281 2031 quam
308 1974 401 2018 unum
429 1953 654 2029 quaternionem
682 1955 886 2030 occupavisse,
918 1956 992 2031 quia
1017 1957 1050 2013 in
1073 1957 1203 2014 extrema

190 2045 301 2121 pagina
324 2043 392 2102 folii
414 2041 493 2118 quod
515 2045 649 2102 tenemus
673 2044 791 2120 signum
812 2043 1017 2118 quaternionis
1041 2064 1058 2101 a
1080 2042 1203 2102 librario

191 2134 336 2208 scriptum
359 2134 411 2192 est.
446 2130 529 2190 Inter
550 2133 628 2190 hanc
651 2135 681 2190 et
697 2131 888 2191 Flaccianum
909 2134 970 2192 tres
994 2134 1203 2208 quaterniones

191 2221 294 2282 amissi
321 2222 403 2296 sunt;
440 2220 540 2296 quarti
568 2240 627 2280 non
655 2220 714 2280 nisi
736 2221 795 2279 duo
818 2221 892 2280 folia
914 2224 1038 2296 restant,
1061 2240 1137 2297 quae
1160 2239 1204 2280 se-

191 2309 321 2369 cundum
344 2312 374 2367 et
396 2311 520 2367 tertium
543 2327 605 2368 esse
628 2311 689 2368 iam
713 2313 801 2368 antea
819 2309 1028 2370 demonstravi.
1066 2308 1204 2369 Partibus

190 2399 368 2457 Flaccianus
391 2399 516 2456 servatis
540 2399 696 2474 explentur
718 2417 824 2457 novem
848 2401 878 2458 et
900 2400 1009 2477 viginti
1027 2401 1156 2477 paginae
1175 2401 1205 2457 et

190 2505 251 2546 una
275 2487 424 2559 columna3
449 2505 516 2545 oum
538 2489 570 2545 in
592 2504 660 2564 pag.
677 2488 738 2546 251
760 2489 791 2545 et
812 2488 874 2546 267
895 2490 1013 2548 numeri
1035 2491 1204 2564 quaternio·

191 2596 264 2635 num
287 2575 397 2635 servati
420 2577 480 2634 sint
504 2577 534 2633 et
555 2577 635 2635 inter
658 2577 720 2634 273
746 2578 776 2635 et
795 2578 859 2636 260
883 2580 973 2653 atque
998 2580 1060 2636 271
1085 2581 1116 2636 et
1141 2579 1203 2635 262

192 2665 301 2724 lacuna
323 2665 396 2740 hiet,
419 2665 530 2723 certum
554 2667 600 2723 est
623 2666 826 2739 quaternionis
839 2664 912 2723 LIII
929 2666 1070 2725 intimum
1090 2666 1205 2739 folium,

193 2754 398 2830 quaternionis
421 2751 510 2810 LIIII
537 2753 594 2812 duo
622 2755 730 2812 intima
757 2753 831 2812 folia
854 2757 964 2816 amissa
986 2773 1057 2815 essa.
1105 2753 1205 2814 00111-

191 2846 260 2902 nuit
283 2861 352 2921 ergo
376 2842 605 2901 commentarius
631 2844 756 2918 integer,
788 2841 824 2901 de
847 2845 929 2903 ouius
956 2845 1044 2903 initio
1069 2845 1099 2902 et
1121 2862 1205 2918 prae

192 2933 306 2992 satione
324 2933 387 2989 iam
406 2930 476 3004 dixi,
499 2932 624 3008 paginas
643 2931 749 2990 saltem
762 2930 795 2990 L.
827 2932 988 2992 Flacciana
1006 2933 1153 3008 excipitur
1171 2950 1206 2990 ea

193 3020 336 3096 oratione,
370 3037 429 3096 qua
457 3017 559 3080 Cicero
590 3023 660 3096 post
690 3020 819 3079 reditum
851 3022 967 3081 senatui
994 3021 1107 3099 gratias
1136 3021 1205 3097 egit.

192 3111 238 3172 Ex
269 3111 326 3170 hoc
356 3111 569 3169 commentario
596 3110 730 3168 tenemus
758 3108 833 3169 duas
860 3111 985 3188 paginas
1009 3112 1040 3169 et
1062 3110 1136 3170 duas
1160 3128 1206 3169 oo-

192 3200 323 3273 lumnas3
352 3199 488 3273 sequitur
509 3199 615 3273 oratio,
639 3217 698 3273 qua
721 3199 832 3274 populo
854 3199 967 3276 gratias
990 3200 1059 3276 egit.
1108 3200 1206 3274 Atque

193 3289 413 3363 peropportme
446 3286 567 3360 accidit,
600 3287 679 3362 quod
710 3287 742 3345 in
774 3305 841 3363 pag.
863 3289 925 3346 232
958 3289 1031 3347 haec
1061 3288 1147 3347 illam
1175 3289 1207 3345 in

194 3379 300 3436 senatu
322 3375 456 3434 habitam
481 3377 621 3450 excipiat,
652 3377 697 3434 ita
720 3378 798 3435 enim
823 3378 980 3451 conputari
1001 3378 1110 3454 potest,
1133 3379 1208 3453 quot

194 3465 313 3543 paginis
340 3465 397 3523 hae
425 3466 574 3524 orationes
602 3465 798 3524 constiterint.
844 3465 969 3524 initium
999 3466 1087 3524 huius
1117 3485 1207 3542 quae·

195 3554 302 3612 ationis
323 3552 486 3629 petendum
509 3555 554 3612 est
576 3572 611 3612 ex
633 3573 755 3613 numero
779 3556 982 3629 quaternionis
1004 3554 1037 3613 in
1058 3572 1126 3631 pag.
1143 3557 1205 3614 211
