2664 3886
582 216 597 278 s
618 215 730 264 au-ra.
1121 211 1163 275 47

148 380 223 438 situs
247 380 296 453 sit,
319 382 353 438 ut
371 379 543 439 viderentur
561 379 733 456 perdidisse,
756 398 793 439 ne
814 382 867 437 aut
885 381 945 455 ipsi
961 380 1166 455 periclitaren-

146 471 197 526 tur
220 471 273 526 aut
294 487 344 528 reo
368 487 473 529 nocere
495 487 555 528 non
577 471 706 544 possent.

215 555 305 625 Quin
336 558 378 617 ab
405 559 470 617 hoc
496 559 729 636 ignotissimo
755 557 872 636 Fryge
899 557 1166 617 nobilissimum
1185 564 1200 626 ς
1220 565 1262 613 40.

148 648 259 705 civem
282 646 489 706 vindicetis,

121 755 133 795 s
214 735 381 811 Utrumque
399 737 587 795 vehementer
610 738 640 794 et
661 735 699 795 ad
718 735 944 811 deprimendum
962 735 1167 796 adversarium

148 827 178 883 et
201 824 239 882 ad
262 825 462 883 extollendum
484 845 580 899 reum,
608 827 642 883 ut
664 827 783 882 tantum
805 826 838 882 in
859 825 913 884 illo
941 825 1099 885 obscurata
1126 828 1167 884 sit

149 916 295 988 quantum
316 915 349 972 in
371 912 427 973 hoc
448 915 611 974 inlustrata
633 931 768 990 persona.

214 1001 359 1062 Homini
395 1004 488 1061 enim
518 1004 645 1081 Frygi,
681 1003 743 1078 qui
779 1001 941 1061 arborem
975 1009 1261 1079 numquam541.

148 1091 316 1165 vidisset,
339 1092 509 1150 fiscinam
531 1092 685 1151 ficorum
707 1091 887 1151 obiecisti.

109 1201 135 1240 rc
217 1180 359 1240 ...valde
380 1180 755 1241 Summacumfestivitate
764 1181 904 1240 discussit
916 1181 1166 1241 inridensveneni

150 1270 397 1344 criminationem,
421 1271 500 1346 quod
518 1271 567 1329 hic
584 1271 736 1329 videretur
754 1289 830 1329 unus
849 1270 886 1329 de
905 1289 1028 1331 numero
1047 1289 1166 1330 accusa-

148 1361 248 1417 tomm
260 1358 362 1417 Flacci
379 1361 536 1435 repentina
553 1362 649 1419 morte
665 1359 830 1418 defirnotus.
865 1404 870 1416 .
887 1404 892 1416 .
908 1405 915 1418 .
929 1361 1107 1436 interposite
1122 1363 1167 1420 est

149 1447 304 1506 aviditatis
319 1451 349 1506 et
362 1449 611 1524 intemperantiae
626 1447 747 1508 barbari
759 1446 897 1522 hominis,
916 1469 1004 1525 quem
1018 1467 1107 1524 poma
1120 1451 1166 1507 in·

148 1536 1166 1615 usitatadistenderint.Notemusigiturquasdamoriminationesnon

108 1645 134 1684 rs
148 1627 279 1704 pugnaci
291 1627 557 1704 argumentatione,
572 1626 623 1686 sed
633 1627 724 1685 etiam
734 1626 843 1685 festiva
852 1625 1022 1684 urbanitate
1033 1626 1164 1686 dissolvi.

215 1715 344 1774 Flacco
367 1733 450 1774 vero
474 1716 559 1791 quid
582 1712 743 1791 profuit?
775 1715 832 1790 qui
854 1715 974 1773 valuit
996 1717 1069 1774 tam
1092 1715 1166 1790 diu,

149 1804 229 1862 dum
250 1804 516 1880 huo-prodiret,
538 1807 699 1864 mortuus
721 1806 775 1863 est
798 1804 920 1863 aculeo
943 1805 1014 1862 iam
1037 1805 1165 1864 emisso

149 1911 188 1951 ac
211 1892 308 1952 dioto
331 1895 552 1954 testimonio.

215 1980 293 2041 Leve
316 1983 436 2058 putauit
458 1985 558 2042 orator
588 1982 834 2061 diligentissimus
861 1981 939 2041 hano
968 1983 1166 2058 suspicionem

108 2089 135 2129 ao
149 2070 284 2130 veneficii
306 2072 371 2130 sola
388 2071 559 2132 urbanitate
578 2072 740 2146 discutere3
763 2072 908 2131 conclusit
926 2072 1018 2130 etiarn
1036 2071 1166 2132 breviter

149 2162 405 2238 argumentatione
437 2161 622 2221 validissima
653 2161 769 2220 nullum
795 2160 902 2219 Flacco
935 2161 1166 2220 emolumentum

148 2249 240 2308 fuisse
258 2251 291 2307 in
309 2251 372 2308 eius
390 2249 525 2324 interitu,
547 2251 599 2326 qui
617 2252 679 2308 iam
699 2251 904 2309 testimonium
922 2249 1038 2308 dixerat
1056 2253 1086 2308 et
1103 2251 1166 2309 vim

150 2339 366 2397 criminationis
377 2337 518 2398 ediderat
530 2339 629 2398 Unam
639 2341 739 2397 autem
749 2337 902 2398 occidendi
909 2339 1001 2398 fuisse
1009 2340 1166 2413 rationem,

150 2429 310 2504 antequam
329 2428 536 2486 testimonium
555 2427 675 2502 diceret,
697 2427 778 2487 dicto
797 2429 898 2486 autem
915 2429 978 2486 iam
994 2429 1165 2487 testimonio

109 2532 135 2574 as
149 2517 245 2594 magis
268 2517 401 2591 potuisse
419 2517 531 2575 crimen
555 2518 658 2594 augeri
676 2534 767 2592 quam
785 2517 950 2593 periculum
968 2516 1120 2575 declinari.

216 2605 377 2681 Totoque
399 2605 652 2664 Mithridatico
676 2606 834 2664 crimine.

215 2693 377 2771 Eleganter
404 2696 434 2753 et
460 2696 590 2754 oratorio
625 2695 789 2754 stomacho:
820 2694 1020 2752 Mithridatico
1048 2695 1166 2752 minine

150 2785 236 2858 quasi
254 2782 458 2842 Mithridatico
476 2783 563 2842 bello.
600 2783 636 2842 Id
657 2785 757 2842 autem
776 2783 888 2841 crimen
905 2781 1063 2860 significat,
1086 2782 1166 2858 quod

149 2871 338 2932 Mithridates
360 2873 412 2931 ille
435 2872 634 2950 Pergamenus
657 2872 834 2930 intenderat

109 2977 136 3018 ac
216 2961 261 3018 at
292 2962 354 3036 qui
380 2963 434 3020 ita
460 2963 510 3021 sit
537 2960 764 3036 ambitiosus,
795 2964 834 3020 ut
862 2961 974 3020 omnis
1002 2979 1063 3020 vos
1086 2979 1166 3020 nos·
1185 2964 1200 3024 t
1219 2963 1261 3010 42-

149 3044 258 3127 (que)
281 3049 416 3109 cotidie
438 3051 649 3127 persalutet.

217 3183 369 3254 ofaaflce
424 3191 441 3238 4
454 3183 603 3238 vindicetis
613 3185 689 3239 codd.
697 3185 750 3239 Cic.
762 3182 925 3237 condonetis
937 3183 961 3238 0
1012 3183 1165 3239 8arborem

49 3301 52 3310 ,
152 3253 338 3309 OVarborem
352 3254 399 3308 fici
412 3256 470 3310 rell.
480 3256 618 3311 coddoic.
674 3254 966 3310 auidissetccdd.0ic.
977 3253 1118 3311 uidisan

150 3324 280 3379 obiecisti
289 3325 367 3381 codd.
374 3326 428 3381 Oic.
439 3326 575 3381 obiecisse
586 3329 610 3386 0
662 3332 696 3380 10
711 3328 785 3382 lec3
798 3343 846 3382 cm.
853 3352 887 3372 =
898 3329 915 3381 7
924 3326 975 3382 litt.
986 3327 1117 3382 acaciae

151 3401 184 3449 12
200 3398 436 3466 icc.2-{-3cm.=
447 3403 483 3453 12
493 3398 543 3453 litt.
555 3400 738 3454 διατύπωειεῖ
794 3403 827 3452 14
840 3413 897 3450 non
907 3395 1041 3470 (solum)
1052 3399 1118 3453 Mai

151 3473 184 3521 1⁶
203 3467 675 3542 casuneoToTlosesloeTaol
736 3474 769 3523 lt
789 3468 974 3554 cooptata
1034 3474 1068 3522 24
1088 3471 1166 3522 ante-

151 3554 236 3608 quam
254 3555 297 3594 mo
316 3540 345 3592 et
363 3540 492 3609 quami*
560 3544 595 3592 30
616 3542 645 3594 et
664 3540 728 3595 Ome
746 3540 823 3596 codd.
839 3540 892 3596 Orc.
912 3557 980 3597 corr.
996 3542 1095 3596 Baiter

151 3615 184 3664 81
205 3609 303 3683 <que>
322 3612 398 3666 codd.
415 3612 469 3667 cc.
524 3611 680 3680 persalutet
697 3612 773 3666 codd.
785 3612 840 3667 ote.
859 3611 1030 3680 persalutem
1050 3612 1073 3666 C
