<?xml version="1.0" encoding="UTF-8"?>
<!DOCTYPE html PUBLIC "-//W3C//DTD XHTML 1.0 Transitional//EN"
    "http://www.w3.org/TR/xhtml1/DTD/xhtml1-transitional.dtd">
<html xmlns="http://www.w3.org/1999/xhtml" xml:lang="en" lang="en">
 <head>
  <title>
</title>
<meta http-equiv="Content-Type" content="text/html;charset=utf-8" />
  <meta name='ocr-system' content='tesseract 3.04.00' />
  <meta name='ocr-capabilities' content='ocr_page ocr_carea ocr_par ocr_line ocrx_word'/>
</head>
<body>
  <div class='ocr_page' id='page_1' title='image "./scholiaincicero01hildgoog_0133.png"; bbox 0 0 2664 3886; ppageno 0'>
   <div class='ocr_carea' id='block_1_1' title="bbox 183 178 804 244">
    <p class='ocr_par' dir='ltr' id='par_1_1' title="bbox 183 178 804 244">
     <span class='ocr_line' id='line_1_1' title="bbox 183 178 804 244; baseline 0 -12"><span class='ocrx_word' id='word_1_1' title='bbox 183 179 223 244; x_wconf 79' lang='lat'>78</span> <span class='ocrx_word' id='word_1_2' title='bbox 570 179 641 234; x_wconf 82' lang='lat' dir='ltr'>PRO</span> <span class='ocrx_word' id='word_1_3' title='bbox 664 178 804 234; x_wconf 76' lang='lat' dir='ltr'>MILONE</span> 
     </span>
    </p>
   </div>
   <div class='ocr_carea' id='block_1_2' title="bbox 81 347 1237 2827">
    <p class='ocr_par' dir='ltr' id='par_1_2' title="bbox 81 347 1195 691">
     <span class='ocr_line' id='line_1_2' title="bbox 81 347 1195 424; baseline 0.001 -20"><span class='ocrx_word' id='word_1_4' title='bbox 81 355 157 416; x_wconf 64' lang='lat'>532.</span> <span class='ocrx_word' id='word_1_5' title='bbox 246 347 342 408; x_wconf 86' lang='lat' dir='ltr'>Satis</span> <span class='ocrx_word' id='word_1_6' title='bbox 367 350 420 407; x_wconf 89' lang='lat' dir='ltr'>est</span> <span class='ocrx_word' id='word_1_7' title='bbox 446 349 483 406; x_wconf 93' lang='lat' dir='ltr'>in</span> <span class='ocrx_word' id='word_1_8' title='bbox 508 349 576 406; x_wconf 89' lang='lat' dir='ltr'>illa</span> <span class='ocrx_word' id='word_1_9' title='bbox 599 347 741 424; x_wconf 84' lang='lat' dir='ltr'>quidem</span> <span class='ocrx_word' id='word_1_10' title='bbox 764 349 906 408; x_wconf 85' lang='lat' dir='ltr'>nefaria</span> <span class='ocrx_word' id='word_1_11' title='bbox 933 347 1039 407; x_wconf 85' lang='lat' dir='ltr'>belua</span> <span class='ocrx_word' id='word_1_12' title='bbox 1062 348 1195 407; x_wconf 86' lang='lat' dir='ltr'>docere.</span> 
     </span>
     <span class='ocr_line' id='line_1_3' title="bbox 511 436 865 512; baseline 0 -16"><span class='ocrx_word' id='word_1_13' title='bbox 511 436 642 510; x_wconf 76' lang='lat' dir='ltr'>(Desunt</span> <span class='ocrx_word' id='word_1_14' title='bbox 664 437 697 496; x_wconf 92' lang='lat' dir='ltr'><strong><em>X</em></strong></span> <span class='ocrx_word' id='word_1_15' title='bbox 711 438 865 512; x_wconf 66' lang='lat' dir='ltr'>papate.)</span> 
     </span>
     <span class='ocr_line' id='line_1_4' title="bbox 81 525 1195 603; baseline 0.004 -22"><span class='ocrx_word' id='word_1_16' title='bbox 81 533 157 594; x_wconf 65' lang='lat'>536.</span> <span class='ocrx_word' id='word_1_17' title='bbox 323 527 410 586; x_wconf 87' lang='lat' dir='ltr'>rebus</span> <span class='ocrx_word' id='word_1_18' title='bbox 434 525 589 586; x_wconf 84' lang='lat' dir='ltr'>confirmat</span> <span class='ocrx_word' id='word_1_19' title='bbox 611 529 642 585; x_wconf 89' lang='lat' dir='ltr'>et</span> <span class='ocrx_word' id='word_1_20' title='bbox 664 545 699 585; x_wconf 86' lang='lat' dir='ltr'>ex</span> <span class='ocrx_word' id='word_1_21' title='bbox 722 545 755 586; x_wconf 90' lang='lat' dir='ltr'>eo</span> <span class='ocrx_word' id='word_1_22' title='bbox 778 528 937 603; x_wconf 85' lang='lat' dir='ltr'>praecipue</span> <span class='ocrx_word' id='word_1_23' title='bbox 963 529 1109 603; x_wconf 87' lang='lat' dir='ltr'>tempore,</span> <span class='ocrx_word' id='word_1_24' title='bbox 1137 543 1195 602; x_wconf 94' lang='lat' dir='ltr'>quo</span> 
     </span>
     <span class='ocr_line' id='line_1_5' title="bbox 177 605 799 691; baseline -0.003 -16"><span class='ocrx_word' id='word_1_25' title='bbox 177 616 257 675; x_wconf 84' lang='lat' dir='ltr'>idem</span> <span class='ocrx_word' id='word_1_26' title='bbox 280 615 396 674; x_wconf 83' lang='lat' dir='ltr'>&#39;Pullius</span> <span class='ocrx_word' id='word_1_27' title='bbox 419 605 535 674; x_wconf 83' lang='lat' dir='ltr'>exulare</span> <span class='ocrx_word' id='word_1_28' title='bbox 559 615 727 691; x_wconf 88' lang='lat' dir='ltr'>compulsus</span> <span class='ocrx_word' id='word_1_29' title='bbox 751 616 799 674; x_wconf 91' lang='lat' dir='ltr'>sit.</span> 
     </span>
    </p>

    <p class='ocr_par' dir='ltr' id='par_1_3' title="bbox 178 703 1237 869">
     <span class='ocr_line' id='line_1_6' title="bbox 245 703 1237 783; baseline 0 -21"><span class='ocrx_word' id='word_1_30' title='bbox 245 703 339 774; x_wconf 83' lang='lat' dir='ltr'>Quae</span> <span class='ocrx_word' id='word_1_31' title='bbox 376 705 509 764; x_wconf 86' lang='lat' dir='ltr'>fuisset</span> <span class='ocrx_word' id='word_1_32' title='bbox 544 705 661 783; x_wconf 84' lang='lat' dir='ltr'>igitur</span> <span class='ocrx_word' id='word_1_33' title='bbox 696 706 794 763; x_wconf 89' lang='lat' dir='ltr'>iusta</span> <span class='ocrx_word' id='word_1_34' title='bbox 831 722 939 764; x_wconf 86' lang='lat' dir='ltr'>causa</span> <span class='ocrx_word' id='word_1_35' title='bbox 973 703 1237 763; x_wconf 87' lang='lat' dir='ltr'>restituendis</span> 
     </span>
     <span class='ocr_line' id='line_1_7' title="bbox 178 792 871 869; baseline -0.003 -17"><span class='ocrx_word' id='word_1_36' title='bbox 178 795 259 869; x_wconf 89' lang='lat' dir='ltr'>mei,</span> <span class='ocrx_word' id='word_1_37' title='bbox 281 794 354 852; x_wconf 88' lang='lat' dir='ltr'>nisi</span> <span class='ocrx_word' id='word_1_38' title='bbox 376 794 510 852; x_wconf 87' lang='lat' dir='ltr'>fuisset</span> <span class='ocrx_word' id='word_1_39' title='bbox 532 795 671 852; x_wconf 86' lang='lat' dir='ltr'>iniusta</span> <span class='ocrx_word' id='word_1_40' title='bbox 694 792 871 852; x_wconf 78' lang='lat' dir='ltr'>eiciendi?</span> 
     </span>
    </p>

    <p class='ocr_par' dir='ltr' id='par_1_4' title="bbox 178 881 1196 1136">
     <span class='ocr_line' id='line_1_8' title="bbox 318 881 1196 959; baseline 0.001 -18.923"><span class='ocrx_word' id='word_1_41' title='bbox 318 881 396 940; x_wconf 83' lang='lat' dir='ltr'>Mira</span> <span class='ocrx_word' id='word_1_42' title='bbox 422 883 569 941; x_wconf 88' lang='lat' dir='ltr'>brevitate</span> <span class='ocrx_word' id='word_1_43' title='bbox 597 883 634 940; x_wconf 92' lang='lat' dir='ltr'>ab</span> <span class='ocrx_word' id='word_1_44' title='bbox 661 882 792 947; x_wconf 86' lang='lat' dir='ltr'>iudicato</span> <span class='ocrx_word' id='word_1_45' title='bbox 820 882 938 959; x_wconf 90' lang='lat' dir='ltr'>publico</span> <span class='ocrx_word' id='word_1_46' title='bbox 961 885 992 944; x_wconf 88' lang='lat' dir='ltr'>et</span> <span class='ocrx_word' id='word_1_47' title='bbox 1019 901 1037 940; x_wconf 85' lang='lat' dir='ltr'>a</span> <span class='ocrx_word' id='word_1_48' title='bbox 1060 884 1196 957; x_wconf 73' lang='lat' dir='ltr'>sequenti</span> 
     </span>
     <span class='ocr_line' id='line_1_9' title="bbox 178 970 1195 1048; baseline -0.001 -17"><span class='ocrx_word' id='word_1_49' title='bbox 178 972 326 1031; x_wconf 85' lang='lat' dir='ltr'>contrario</span> <span class='ocrx_word' id='word_1_50' title='bbox 350 971 466 1048; x_wconf 78' lang='lat' dir='ltr'>colligit</span> <span class='ocrx_word' id='word_1_51' title='bbox 487 970 665 1048; x_wconf 77' lang='lat' dir='ltr'>probaturus</span> <span class='ocrx_word' id='word_1_52' title='bbox 688 991 742 1047; x_wconf 90' lang='lat' dir='ltr'>per</span> <span class='ocrx_word' id='word_1_53' title='bbox 760 973 822 1030; x_wconf 84' lang='lat' dir='ltr'>vim</span> <span class='ocrx_word' id='word_1_54' title='bbox 840 990 871 1030; x_wconf 90' lang='lat' dir='ltr'>se</span> <span class='ocrx_word' id='word_1_55' title='bbox 890 972 1012 1031; x_wconf 81' lang='lat' dir='ltr'>civitate</span> <span class='ocrx_word' id='word_1_56' title='bbox 1031 971 1195 1048; x_wconf 85' lang='lat' dir='ltr'>depulsum,</span> 
     </span>
     <span class='ocr_line' id='line_1_10' title="bbox 178 1062 787 1136; baseline -0.005 -16"><span class='ocrx_word' id='word_1_57' title='bbox 178 1079 246 1120; x_wconf 89' lang='lat' dir='ltr'>cum</span> <span class='ocrx_word' id='word_1_58' title='bbox 268 1063 373 1136; x_wconf 82' lang='lat' dir='ltr'>postea</span> <span class='ocrx_word' id='word_1_59' title='bbox 395 1062 538 1118; x_wconf 86' lang='lat' dir='ltr'>meruerit</span> <span class='ocrx_word' id='word_1_60' title='bbox 559 1062 787 1120; x_wconf 86' lang='lat' dir='ltr'>restitutionem.</span> 
     </span>
    </p>

    <p class='ocr_par' dir='ltr' id='par_1_5' title="bbox 82 1148 1237 1313">
     <span class='ocr_line' id='line_1_11' title="bbox 82 1148 1237 1224; baseline 0.005 -22"><span class='ocrx_word' id='word_1_61' title='bbox 82 1154 158 1214; x_wconf 79' lang='lat'>§38¹</span> <span class='ocrx_word' id='word_1_62' title='bbox 245 1148 351 1218; x_wconf 79' lang='lat' dir='ltr'>Quem</span> <span class='ocrx_word' id='word_1_63' title='bbox 392 1150 423 1206; x_wconf 90' lang='lat' dir='ltr'>si</span> <span class='ocrx_word' id='word_1_64' title='bbox 463 1150 677 1208; x_wconf 76' lang='lat' dir='ltr'>interficere</span> <span class='ocrx_word' id='word_1_65' title='bbox 717 1150 910 1222; x_wconf 85' lang='lat' dir='ltr'>voluisset,</span> <span class='ocrx_word' id='word_1_66' title='bbox 952 1150 1119 1224; x_wconf 89' lang='lat' dir='ltr'>quotiens</span> <span class='ocrx_word' id='word_1_67' title='bbox 1161 1151 1237 1208; x_wconf 82' lang='lat' dir='ltr'>etro</span> 
     </span>
     <span class='ocr_line' id='line_1_12' title="bbox 179 1238 1121 1313; baseline 0 -18"><span class='ocrx_word' id='word_1_68' title='bbox 179 1239 334 1313; x_wconf 86' lang='lat' dir='ltr'>quantae</span> <span class='ocrx_word' id='word_1_69' title='bbox 358 1238 579 1312; x_wconf 59' lang='lat' dir='ltr'>occasiones</span> <span class='ocrx_word' id='word_1_70' title='bbox 603 1256 706 1313; x_wconf 86' lang='lat' dir='ltr'>quam</span> <span class='ocrx_word' id='word_1_71' title='bbox 728 1238 938 1312; x_wconf 85' lang='lat' dir='ltr'>praeclarae</span> <span class='ocrx_word' id='word_1_72' title='bbox 961 1239 1121 1297; x_wconf 76' lang='lat' dir='ltr'>fuerunt!</span> 
     </span>
    </p>

    <p class='ocr_par' dir='ltr' id='par_1_6' title="bbox 177 1324 1235 1760">
     <span class='ocr_line' id='line_1_13' title="bbox 247 1324 1195 1402; baseline 0.003 -19"><span class='ocrx_word' id='word_1_73' title='bbox 247 1325 422 1400; x_wconf 90' lang='grc' dir='ltr'>...καιρῶν.</span> <span class='ocrx_word' id='word_1_74' title='bbox 437 1324 690 1402; x_wconf 84' lang='lat' dir='ltr'>Opportuniorum</span> <span class='ocrx_word' id='word_1_75' title='bbox 699 1329 866 1402; x_wconf 89' lang='lat' dir='ltr'>temporum</span> <span class='ocrx_word' id='word_1_76' title='bbox 875 1329 1066 1402; x_wconf 85' lang='lat' dir='ltr'>prosequitur</span> <span class='ocrx_word' id='word_1_77' title='bbox 1076 1346 1195 1386; x_wconf 87' lang='lat' dir='ltr'>enume-</span> 
     </span>
     <span class='ocr_line' id='line_1_14' title="bbox 178 1415 1194 1492; baseline 0 -18"><span class='ocrx_word' id='word_1_78' title='bbox 178 1417 334 1489; x_wconf 80' lang='lat' dir='ltr'>rationem,</span> <span class='ocrx_word' id='word_1_79' title='bbox 353 1416 460 1492; x_wconf 89' lang='lat' dir='ltr'>quibus</span> <span class='ocrx_word' id='word_1_80' title='bbox 474 1415 580 1476; x_wconf 87' lang='lat' dir='ltr'>Miloni</span> <span class='ocrx_word' id='word_1_81' title='bbox 599 1416 687 1475; x_wconf 84' lang='lat' dir='ltr'>facile</span> <span class='ocrx_word' id='word_1_82' title='bbox 705 1417 788 1474; x_wconf 87' lang='lat' dir='ltr'>factu</span> <span class='ocrx_word' id='word_1_83' title='bbox 804 1434 867 1474; x_wconf 90' lang='lat' dir='ltr'>esse</span> <span class='ocrx_word' id='word_1_84' title='bbox 880 1417 1012 1492; x_wconf 87' lang='lat' dir='ltr'>potuerit</span> <span class='ocrx_word' id='word_1_85' title='bbox 1024 1417 1194 1474; x_wconf 81' lang='lat' dir='ltr'>interimere</span> 
     </span>
     <span class='ocr_line' id='line_1_15' title="bbox 178 1503 1193 1581; baseline 0.002 -19"><span class='ocrx_word' id='word_1_86' title='bbox 178 1504 210 1562; x_wconf 93' lang='lat' dir='ltr'>P.</span> <span class='ocrx_word' id='word_1_87' title='bbox 223 1503 368 1580; x_wconf 73' lang='lat' dir='ltr'>Clodium,</span> <span class='ocrx_word' id='word_1_88' title='bbox 385 1523 452 1563; x_wconf 92' lang='lat' dir='ltr'>cum</span> <span class='ocrx_word' id='word_1_89' title='bbox 466 1507 497 1562; x_wconf 90' lang='lat' dir='ltr'>et</span> <span class='ocrx_word' id='word_1_90' title='bbox 511 1505 678 1565; x_wconf 78' lang='lat' dir='ltr'>occasiones</span> <span class='ocrx_word' id='word_1_91' title='bbox 696 1508 878 1581; x_wconf 83' lang='lat' dir='ltr'>opportunas</span> <span class='ocrx_word' id='word_1_92' title='bbox 893 1507 923 1562; x_wconf 92' lang='lat' dir='ltr'>et</span> <span class='ocrx_word' id='word_1_93' title='bbox 937 1522 1040 1564; x_wconf 88' lang='lat' dir='ltr'>causas</span> <span class='ocrx_word' id='word_1_94' title='bbox 1054 1505 1193 1566; x_wconf 86' lang='lat' dir='ltr'>honestas</span> 
     </span>
     <span class='ocr_line' id='line_1_16' title="bbox 178 1593 1235 1671; baseline -0.002 -19"><span class='ocrx_word' id='word_1_95' title='bbox 178 1593 307 1652; x_wconf 88' lang='lat' dir='ltr'>haberet.</span> <span class='ocrx_word' id='word_1_96' title='bbox 354 1593 438 1662; x_wconf 79' lang='lat' dir='ltr'>Quod</span> <span class='ocrx_word' id='word_1_97' title='bbox 465 1595 567 1653; x_wconf 87' lang='lat' dir='ltr'>tamen</span> <span class='ocrx_word' id='word_1_98' title='bbox 588 1595 688 1670; x_wconf 87' lang='lat' dir='ltr'>ipsum</span> <span class='ocrx_word' id='word_1_99' title='bbox 711 1612 778 1653; x_wconf 91' lang='lat' dir='ltr'>cum</span> <span class='ocrx_word' id='word_1_100' title='bbox 801 1596 898 1653; x_wconf 83' lang='lat' dir='ltr'>facere</span> <span class='ocrx_word' id='word_1_101' title='bbox 920 1594 1063 1668; x_wconf 88' lang='lat' dir='ltr'>noluerit,</span> <span class='ocrx_word' id='word_1_102' title='bbox 1089 1594 1194 1671; x_wconf 90' lang='lat' dir='ltr'>procul</span> <span class='ocrx_word' id='word_1_103' title='bbox 1208 1611 1235 1652; x_wconf 82' lang='lat'>15</span> 
     </span>
     <span class='ocr_line' id='line_1_17' title="bbox 177 1682 1142 1760; baseline -0.002 -18"><span class='ocrx_word' id='word_1_104' title='bbox 177 1683 267 1742; x_wconf 89' lang='lat' dir='ltr'>dubio</span> <span class='ocrx_word' id='word_1_105' title='bbox 286 1684 447 1742; x_wconf 86' lang='lat' dir='ltr'>verisimile</span> <span class='ocrx_word' id='word_1_106' title='bbox 466 1685 592 1757; x_wconf 86' lang='lat' dir='ltr'>nonsit,</span> <span class='ocrx_word' id='word_1_107' title='bbox 615 1686 649 1742; x_wconf 93' lang='lat' dir='ltr'>ut</span> <span class='ocrx_word' id='word_1_108' title='bbox 666 1684 722 1743; x_wconf 91' lang='lat' dir='ltr'>hoc</span> <span class='ocrx_word' id='word_1_109' title='bbox 739 1685 899 1759; x_wconf 88' lang='lat' dir='ltr'>inportune</span> <span class='ocrx_word' id='word_1_110' title='bbox 918 1682 1074 1760; x_wconf 81' lang='lat' dir='ltr'>adgressus</span> <span class='ocrx_word' id='word_1_111' title='bbox 1093 1685 1142 1747; x_wconf 89' lang='lat' dir='ltr'>sit.</span> 
     </span>
    </p>

    <p class='ocr_par' dir='ltr' id='par_1_7' title="bbox 243 1771 914 1850">
     <span class='ocr_line' id='line_1_18' title="bbox 243 1771 914 1850; baseline -0.001 -21"><span class='ocrx_word' id='word_1_112' title='bbox 243 1771 276 1830; x_wconf 88' lang='lat' dir='ltr'>P.</span> <span class='ocrx_word' id='word_1_113' title='bbox 297 1772 432 1845; x_wconf 83' lang='lat' dir='ltr'>Sextio,</span> <span class='ocrx_word' id='word_1_114' title='bbox 455 1772 597 1850; x_wconf 81' lang='lat' dir='ltr'>collega</span> <span class='ocrx_word' id='word_1_115' title='bbox 619 1789 694 1847; x_wconf 86' lang='lat' dir='ltr'>suo,</span> <span class='ocrx_word' id='word_1_116' title='bbox 717 1774 914 1832; x_wconf 81' lang='lat' dir='ltr'>volnerata</span> 
     </span>
    </p>

    <p class='ocr_par' dir='ltr' id='par_1_8' title="bbox 177 1861 1193 2028">
     <span class='ocr_line' id='line_1_19' title="bbox 243 1861 1193 1936; baseline 0.001 -17"><span class='ocrx_word' id='word_1_117' title='bbox 243 1861 309 1920; x_wconf 84' lang='lat' dir='ltr'>Hae</span> <span class='ocrx_word' id='word_1_118' title='bbox 339 1862 561 1920; x_wconf 81' lang='lat' dir='ltr'>cruentissimae</span> <span class='ocrx_word' id='word_1_119' title='bbox 589 1861 794 1922; x_wconf 77' lang='lat' dir='ltr'>dimicationes</span> <span class='ocrx_word' id='word_1_120' title='bbox 818 1863 938 1920; x_wconf 89' lang='lat' dir='ltr'>fuerunt</span> <span class='ocrx_word' id='word_1_121' title='bbox 964 1879 1018 1936; x_wconf 87' lang='lat' dir='ltr'>per</span> <span class='ocrx_word' id='word_1_122' title='bbox 1045 1879 1093 1921; x_wconf 80' lang='lat' dir='ltr'>eos</span> <span class='ocrx_word' id='word_1_123' title='bbox 1121 1861 1193 1936; x_wconf 84' lang='lat' dir='ltr'>dies,</span> 
     </span>
     <span class='ocr_line' id='line_1_20' title="bbox 177 1948 927 2028; baseline -0.001 -18"><span class='ocrx_word' id='word_1_124' title='bbox 177 1950 284 2028; x_wconf 92' lang='lat' dir='ltr'>quibus</span> <span class='ocrx_word' id='word_1_125' title='bbox 308 1953 408 2009; x_wconf 87' lang='lat' dir='ltr'>actum</span> <span class='ocrx_word' id='word_1_126' title='bbox 431 1952 476 2008; x_wconf 88' lang='lat' dir='ltr'>est</span> <span class='ocrx_word' id='word_1_127' title='bbox 499 1949 534 2008; x_wconf 90' lang='lat' dir='ltr'>de</span> <span class='ocrx_word' id='word_1_128' title='bbox 557 1951 745 2009; x_wconf 87' lang='lat' dir='ltr'>restitutione</span> <span class='ocrx_word' id='word_1_129' title='bbox 770 1948 927 2010; x_wconf 76' lang='lat' dir='ltr'>Ciceronis.</span> 
     </span>
    </p>

    <p class='ocr_par' dir='ltr' id='par_1_9' title="bbox 145 2037 1235 2112">
     <span class='ocr_line' id='line_1_21' title="bbox 145 2037 1235 2112; baseline 0.005 -21"><span class='ocrx_word' id='word_1_130' title='bbox 145 2080 150 2091; x_wconf 89' lang='lat'>.</span> <span class='ocrx_word' id='word_1_131' title='bbox 244 2038 276 2096; x_wconf 92' lang='lat' dir='ltr'>P.</span> <span class='ocrx_word' id='word_1_132' title='bbox 295 2037 483 2112; x_wconf 81' lang='lat' dir='ltr'>Lentulus,</span> <span class='ocrx_word' id='word_1_133' title='bbox 505 2040 699 2098; x_wconf 88' lang='lat' dir='ltr'>restitutor</span> <span class='ocrx_word' id='word_1_134' title='bbox 721 2040 852 2099; x_wconf 84' lang='lat' dir='ltr'>salutis</span> <span class='ocrx_word' id='word_1_135' title='bbox 876 2057 980 2097; x_wconf 87' lang='lat' dir='ltr'>meae.</span> <span class='ocrx_word' id='word_1_136' title='bbox 1207 2055 1235 2096; x_wconf 79' lang='lat' dir='ltr'>so</span> 
     </span>
    </p>

    <p class='ocr_par' dir='ltr' id='par_1_10' title="bbox 179 2121 1193 2380">
     <span class='ocr_line' id='line_1_22' title="bbox 245 2121 1193 2206; baseline 0.001 -21"><span class='ocrx_word' id='word_1_137' title='bbox 245 2121 332 2206; x_wconf 74' lang='lat' dir='ltr'>(De)</span> <span class='ocrx_word' id='word_1_138' title='bbox 363 2126 489 2186; x_wconf 91' lang='lat' dir='ltr'>Lentulo</span> <span class='ocrx_word' id='word_1_139' title='bbox 522 2126 679 2203; x_wconf 81' lang='lat' dir='ltr'>Spinthere</span> <span class='ocrx_word' id='word_1_140' title='bbox 710 2129 852 2204; x_wconf 81' lang='lat' dir='ltr'>loquitur,</span> <span class='ocrx_word' id='word_1_141' title='bbox 884 2129 936 2205; x_wconf 89' lang='lat' dir='ltr'>qui</span> <span class='ocrx_word' id='word_1_142' title='bbox 968 2130 998 2186; x_wconf 93' lang='lat' dir='ltr'>et</span> <span class='ocrx_word' id='word_1_143' title='bbox 1029 2129 1098 2186; x_wconf 90' lang='lat' dir='ltr'>ante</span> <span class='ocrx_word' id='word_1_144' title='bbox 1125 2145 1193 2187; x_wconf 87' lang='lat' dir='ltr'>eon·</span> 
     </span>
     <span class='ocr_line' id='line_1_23' title="bbox 179 2215 1193 2292; baseline 0 -16"><span class='ocrx_word' id='word_1_145' title='bbox 179 2217 310 2276; x_wconf 82' lang='lat' dir='ltr'>sulatum</span> <span class='ocrx_word' id='word_1_146' title='bbox 346 2217 544 2276; x_wconf 87' lang='lat' dir='ltr'>amicissimus</span> <span class='ocrx_word' id='word_1_147' title='bbox 578 2215 711 2276; x_wconf 83' lang='lat' dir='ltr'>Oiceroni</span> <span class='ocrx_word' id='word_1_148' title='bbox 747 2217 812 2276; x_wconf 90' lang='lat' dir='ltr'>fuit.</span> <span class='ocrx_word' id='word_1_149' title='bbox 866 2215 932 2276; x_wconf 94' lang='lat' dir='ltr'>Hoc</span> <span class='ocrx_word' id='word_1_150' title='bbox 961 2215 1094 2276; x_wconf 85' lang='lat' dir='ltr'>declarat</span> <span class='ocrx_word' id='word_1_151' title='bbox 1128 2215 1193 2292; x_wconf 89' lang='lat' dir='ltr'>ipse</span> 
     </span>
     <span class='ocr_line' id='line_1_24' title="bbox 180 2303 1192 2380; baseline 0.001 -18"><span class='ocrx_word' id='word_1_152' title='bbox 180 2303 295 2364; x_wconf 86' lang='lat' dir='ltr'>Tullius</span> <span class='ocrx_word' id='word_1_153' title='bbox 326 2306 359 2362; x_wconf 88' lang='lat' dir='ltr'>in</span> <span class='ocrx_word' id='word_1_154' title='bbox 391 2305 522 2380; x_wconf 77' lang='lat' dir='ltr'>epistula</span> <span class='ocrx_word' id='word_1_155' title='bbox 554 2305 683 2380; x_wconf 84' lang='lat' dir='ltr'>quadam</span> <span class='ocrx_word' id='word_1_156' title='bbox 715 2305 753 2364; x_wconf 85' lang='lat' dir='ltr'>ad</span> <span class='ocrx_word' id='word_1_157' title='bbox 785 2307 910 2365; x_wconf 90' lang='lat' dir='ltr'>eundem</span> <span class='ocrx_word' id='word_1_158' title='bbox 932 2305 1094 2364; x_wconf 87' lang='lat' dir='ltr'>Lentulum</span> <span class='ocrx_word' id='word_1_159' title='bbox 1121 2307 1192 2365; x_wconf 90' lang='lat' dir='ltr'>scri-</span> 
     </span>
    </p>

    <p class='ocr_par' dir='ltr' id='par_1_11' title="bbox 148 2393 1233 2827">
     <span class='ocr_line' id='line_1_25' title="bbox 148 2393 1193 2486; baseline 0 -34"><span class='ocrx_word' id='word_1_160' title='bbox 148 2464 151 2486; x_wconf 25' lang='lat'><em>*</em></span> <span class='ocrx_word' id='word_1_161' title='bbox 178 2394 264 2452; x_wconf 87' lang='lat' dir='ltr'>bens:</span> <span class='ocrx_word' id='word_1_162' title='bbox 297 2393 373 2468; x_wconf 76' lang='lat' dir='ltr'>Quia</span> <span class='ocrx_word' id='word_1_163' title='bbox 399 2411 459 2452; x_wconf 77' lang='lat' dir='ltr'>noa</span> <span class='ocrx_word' id='word_1_164' title='bbox 485 2393 579 2470; x_wconf 66' lang='lat' dir='ltr'>solum</span> <span class='ocrx_word' id='word_1_165' title='bbox 605 2395 779 2468; x_wconf 78' lang='lat' dir='ltr'>temporibus</span> <span class='ocrx_word' id='word_1_166' title='bbox 805 2397 863 2465; x_wconf 79' lang='lat' dir='ltr'>tis,</span> <span class='ocrx_word' id='word_1_167' title='bbox 896 2411 970 2468; x_wconf 77' lang='lat' dir='ltr'>quoe</span> <span class='ocrx_word' id='word_1_168' title='bbox 991 2411 1048 2467; x_wconf 84' lang='lat' dir='ltr'>per</span> <span class='ocrx_word' id='word_1_169' title='bbox 1074 2398 1101 2453; x_wconf 81' lang='lat' dir='ltr'>tc</span> <span class='ocrx_word' id='word_1_170' title='bbox 1127 2412 1193 2454; x_wconf 84' lang='lat' dir='ltr'>sum</span> 
     </span>
     <span class='ocr_line' id='line_1_26' title="bbox 179 2482 1233 2558; baseline -0.002 -16"><span class='ocrx_word' id='word_1_171' title='bbox 179 2485 314 2556; x_wconf 67' lang='grc' dir='ltr'>οάοοίοο,</span> <span class='ocrx_word' id='word_1_172' title='bbox 341 2482 393 2543; x_wconf 80' lang='lat' dir='ltr'>sert</span> <span class='ocrx_word' id='word_1_173' title='bbox 413 2483 474 2542; x_wconf 80' lang='lat' dir='ltr'>ium</span> <span class='ocrx_word' id='word_1_174' title='bbox 497 2483 565 2541; x_wconf 72' lang='lat' dir='ltr'>oeta</span> <span class='ocrx_word' id='word_1_175' title='bbox 589 2485 719 2542; x_wconf 76' lang='lat' dir='ltr'>uescenti</span> <span class='ocrx_word' id='word_1_176' title='bbox 740 2501 833 2557; x_wconf 77' lang='lat' dir='ltr'>prope</span> <span class='ocrx_word' id='word_1_177' title='bbox 855 2488 971 2543; x_wconf 75' lang='lat' dir='ltr'>metrae</span> <span class='ocrx_word' id='word_1_178' title='bbox 993 2483 1077 2542; x_wconf 79' lang='lat' dir='ltr'>laudi</span> <span class='ocrx_word' id='word_1_179' title='bbox 1099 2484 1193 2558; x_wconf 70' lang='lat' dir='ltr'>diput-</span> <span class='ocrx_word' id='word_1_180' title='bbox 1207 2499 1233 2540; x_wconf 82' lang='lat' dir='ltr'>rs</span> 
     </span>
     <span class='ocr_line' id='line_1_27' title="bbox 179 2570 1193 2648; baseline 0 -17"><span class='ocrx_word' id='word_1_181' title='bbox 179 2575 286 2645; x_wconf 76' lang='lat' dir='ltr'>totique</span> <span class='ocrx_word' id='word_1_182' title='bbox 313 2573 421 2645; x_wconf 71' lang='lat' dir='ltr'>facist.</span> <span class='ocrx_word' id='word_1_183' title='bbox 467 2571 503 2630; x_wconf 94' lang='lat' dir='ltr'>In</span> <span class='ocrx_word' id='word_1_184' title='bbox 525 2570 675 2630; x_wconf 87' lang='lat' dir='ltr'>Albanum</span> <span class='ocrx_word' id='word_1_185' title='bbox 702 2571 847 2631; x_wconf 87' lang='lat' dir='ltr'>Lentulus</span> <span class='ocrx_word' id='word_1_186' title='bbox 870 2572 950 2631; x_wconf 85' lang='lat' dir='ltr'>idem</span> <span class='ocrx_word' id='word_1_187' title='bbox 976 2590 1031 2648; x_wconf 85' lang='lat' dir='ltr'>pro</span> <span class='ocrx_word' id='word_1_188' title='bbox 1052 2570 1193 2631; x_wconf 74' lang='lat' dir='ltr'>Cicerone</span> 
     </span>
     <span class='ocr_line' id='line_1_28' title="bbox 179 2660 1191 2737; baseline -0.003 -16"><span class='ocrx_word' id='word_1_189' title='bbox 179 2660 373 2721; x_wconf 86' lang='lat' dir='ltr'>contenderat</span> <span class='ocrx_word' id='word_1_190' title='bbox 395 2661 433 2718; x_wconf 83' lang='lat' dir='ltr'>ad</span> <span class='ocrx_word' id='word_1_191' title='bbox 451 2660 626 2736; x_wconf 91' lang='lat' dir='ltr'>Pompeium</span> <span class='ocrx_word' id='word_1_192' title='bbox 644 2660 871 2737; x_wconf 87' lang='lat' dir='ltr'>deprecandum,</span> <span class='ocrx_word' id='word_1_193' title='bbox 896 2663 947 2737; x_wconf 91' lang='lat' dir='ltr'>qui</span> <span class='ocrx_word' id='word_1_194' title='bbox 969 2662 1058 2720; x_wconf 89' lang='lat' dir='ltr'>nimis</span> <span class='ocrx_word' id='word_1_195' title='bbox 1082 2661 1191 2719; x_wconf 87' lang='lat' dir='ltr'>aliena-</span> 
     </span>
     <span class='ocr_line' id='line_1_29' title="bbox 178 2741 981 2827; baseline -0.001 -17"><span class='ocrx_word' id='word_1_196' title='bbox 178 2754 229 2810; x_wconf 91' lang='lat' dir='ltr'>tus</span> <span class='ocrx_word' id='word_1_197' title='bbox 253 2769 271 2808; x_wconf 92' lang='lat' dir='ltr'>a</span> <span class='ocrx_word' id='word_1_198' title='bbox 294 2749 476 2827; x_wconf 83' lang='lat' dir='ltr'>protegendo</span> <span class='ocrx_word' id='word_1_199' title='bbox 499 2750 599 2808; x_wconf 87' lang='lat' dir='ltr'>Tullio</span> <span class='ocrx_word' id='word_1_200' title='bbox 622 2750 787 2809; x_wconf 87' lang='lat' dir='ltr'>videbatur.</span> <span class='ocrx_word' id='word_1_201' title='bbox 977 2741 981 2746; x_wconf 67' lang='grc'><strong>’</strong></span> 
     </span>
    </p>
   </div>
   <div class='ocr_carea' id='block_1_3' title="bbox 247 2909 661 2980">
    <p class='ocr_par' dir='ltr' id='par_1_12' title="bbox 247 2909 661 2980">
     <span class='ocr_line' id='line_1_30' title="bbox 247 2909 661 2980; baseline -0.002 -15"><span class='ocrx_word' id='word_1_202' title='bbox 247 2917 344 2980; x_wconf 65' lang='lat' dir='ltr'>iosap.</span> <span class='ocrx_word' id='word_1_203' title='bbox 364 2926 407 2979; x_wconf 88' lang='lat' dir='ltr'>ep.</span> <span class='ocrx_word' id='word_1_204' title='bbox 427 2909 580 2964; x_wconf 78' lang='lat' dir='ltr'>adsumi</span> <span class='ocrx_word' id='word_1_205' title='bbox 600 2916 623 2977; x_wconf 77' lang='lat'>⁷,</span> <span class='ocrx_word' id='word_1_206' title='bbox 638 2915 661 2965; x_wconf 92' lang='lat'>8.</span> 
     </span>
    </p>
   </div>
   <div class='ocr_carea' id='block_1_4' title="bbox 180 3060 1195 3624">
    <p class='ocr_par' dir='ltr' id='par_1_13' title="bbox 180 3060 1195 3624">
     <span class='ocr_line' id='line_1_31' title="bbox 247 3060 1191 3133; baseline -0.001 -17"><span class='ocrx_word' id='word_1_207' title='bbox 247 3069 261 3116; x_wconf 96' lang='lat'><strong>1</strong></span> <span class='ocrx_word' id='word_1_208' title='bbox 281 3065 340 3116; x_wconf 82' lang='lat' dir='ltr'>tam</span> <span class='ocrx_word' id='word_1_209' title='bbox 354 3061 456 3116; x_wconf 81' lang='lat' dir='ltr'>audaci</span> <span class='ocrx_word' id='word_1_210' title='bbox 469 3063 528 3116; x_wconf 86' lang='lat' dir='ltr'>tem</span> <span class='ocrx_word' id='word_1_211' title='bbox 542 3061 651 3117; x_wconf 84' lang='lat' dir='ltr'>nefaria</span> <span class='ocrx_word' id='word_1_212' title='bbox 664 3061 748 3116; x_wconf 84' lang='lat' dir='ltr'>belua</span> <span class='ocrx_word' id='word_1_213' title='bbox 761 3063 837 3117; x_wconf 85' lang='lat' dir='ltr'>codd.</span> <span class='ocrx_word' id='word_1_214' title='bbox 850 3063 904 3118; x_wconf 81' lang='lat' dir='ltr'>Gs&#39;c.</span> <span class='ocrx_word' id='word_1_215' title='bbox 977 3066 992 3114; x_wconf 84' lang='lat' dir='ltr'>&#39;l</span> <span class='ocrx_word' id='word_1_216' title='bbox 1013 3062 1062 3116; x_wconf 84' lang='lat' dir='ltr'>lue.</span> <span class='ocrx_word' id='word_1_217' title='bbox 1076 3060 1127 3133; x_wconf 62' lang='grc'>41],</span> <span class='ocrx_word' id='word_1_218' title='bbox 1143 3079 1191 3116; x_wconf 83' lang='lat' dir='ltr'>cm.</span> 
     </span>
     <span class='ocr_line' id='line_1_32' title="bbox 180 3133 1191 3204; baseline -0.001 -15"><span class='ocrx_word' id='word_1_219' title='bbox 180 3135 471 3204; x_wconf 75' lang='lat' dir='ltr'>†21ia.=451ic.</span> <span class='ocrx_word' id='word_1_220' title='bbox 491 3134 552 3189; x_wconf 80' lang='grc' dir='ltr'><strong>κατ’</strong></span> <span class='ocrx_word' id='word_1_221' title='bbox 570 3136 683 3190; x_wconf 82' lang='grc' dir='ltr'>ἐνδόξου</span> <span class='ocrx_word' id='word_1_222' title='bbox 709 3133 792 3200; x_wconf 77' lang='grc' dir='ltr'>κρίειν</span> <span class='ocrx_word' id='word_1_223' title='bbox 812 3137 857 3187; x_wconf 83' lang='grc' dir='ltr'>καὶ</span> <span class='ocrx_word' id='word_1_224' title='bbox 876 3135 906 3188; x_wconf 82' lang='grc' dir='ltr'>ἐκ</span> <span class='ocrx_word' id='word_1_225' title='bbox 924 3137 975 3186; x_wconf 78' lang='grc' dir='ltr'>τοῦ</span> <span class='ocrx_word' id='word_1_226' title='bbox 994 3135 1191 3200; x_wconf 84' lang='grc' dir='ltr'>παρεπομένου</span> 
     </span>
     <span class='ocr_line' id='line_1_33' title="bbox 181 3203 1192 3272; baseline -0.003 -12"><span class='ocrx_word' id='word_1_227' title='bbox 181 3205 326 3260; x_wconf 58' lang='lat' dir='ltr'>travano?</span> <span class='ocrx_word' id='word_1_228' title='bbox 359 3203 420 3258; x_wconf 86' lang='lat' dir='ltr'>ebo</span> <span class='ocrx_word' id='word_1_229' title='bbox 435 3203 506 3260; x_wconf 81' lang='lat' dir='ltr'>adG</span> <span class='ocrx_word' id='word_1_230' title='bbox 518 3219 570 3258; x_wconf 83' lang='lat' dir='ltr'>am</span> <span class='ocrx_word' id='word_1_231' title='bbox 619 3203 832 3260; x_wconf 74' lang='lat' dir='ltr'>seiuintemc</span> <span class='ocrx_word' id='word_1_232' title='bbox 880 3209 910 3256; x_wconf 93' lang='lat'>11</span> <span class='ocrx_word' id='word_1_233' title='bbox 927 3206 1050 3270; x_wconf 85' lang='lat' dir='ltr'>quantae</span> <span class='ocrx_word' id='word_1_234' title='bbox 1062 3203 1192 3272; x_wconf 84' lang='lat' dir='ltr'>quotiens</span> 
     </span>
     <span class='ocr_line' id='line_1_34' title="bbox 180 3274 1193 3344; baseline -0.003 -13"><span class='ocrx_word' id='word_1_235' title='bbox 180 3277 256 3331; x_wconf 77' lang='lat' dir='ltr'>codo.</span> <span class='ocrx_word' id='word_1_236' title='bbox 265 3277 319 3330; x_wconf 82' lang='lat' dir='ltr'>Cia.</span> <span class='ocrx_word' id='word_1_237' title='bbox 353 3274 531 3330; x_wconf 79' lang='lat' dir='ltr'>escensiones</span> <span class='ocrx_word' id='word_1_238' title='bbox 542 3276 565 3331; x_wconf 84' lang='lat' dir='ltr'><em>G</em></span> <span class='ocrx_word' id='word_1_239' title='bbox 613 3281 646 3328; x_wconf 80' lang='lat'>12</span> <span class='ocrx_word' id='word_1_240' title='bbox 656 3277 706 3330; x_wconf 79' lang='lat' dir='ltr'>lae.</span> <span class='ocrx_word' id='word_1_241' title='bbox 716 3293 764 3328; x_wconf 77' lang='lat' dir='ltr'>aa.</span> <span class='ocrx_word' id='word_1_242' title='bbox 775 3276 824 3329; x_wconf 74' lang='lat' dir='ltr'>lia.</span> <span class='ocrx_word' id='word_1_243' title='bbox 832 3301 863 3320; x_wconf 83' lang='lat'><em>=</em></span> <span class='ocrx_word' id='word_1_244' title='bbox 875 3279 910 3330; x_wconf 84' lang='lat'>17</span> <span class='ocrx_word' id='word_1_245' title='bbox 920 3277 970 3330; x_wconf 83' lang='lat' dir='ltr'>litt.</span> <span class='ocrx_word' id='word_1_246' title='bbox 982 3281 1086 3342; x_wconf 83' lang='grc' dir='ltr'>καιρῶν</span> <span class='ocrx_word' id='word_1_247' title='bbox 1094 3277 1193 3344; x_wconf 80' lang='lat' dir='ltr'>scripsi</span> 
     </span>
     <span class='ocr_line' id='line_1_35' title="bbox 182 3346 1192 3418; baseline 0.001 -19"><span class='ocrx_word' id='word_1_248' title='bbox 182 3363 284 3413; x_wconf 86' lang='grc' dir='ltr'><strong>καιρ...</strong></span> <span class='ocrx_word' id='word_1_249' title='bbox 294 3347 318 3400; x_wconf 85' lang='lat' dir='ltr'><em>C</em></span> <span class='ocrx_word' id='word_1_250' title='bbox 325 3346 526 3418; x_wconf 72' lang='lat' dir='ltr'>lec.1¹l‚om.=</span> <span class='ocrx_word' id='word_1_251' title='bbox 534 3350 553 3401; x_wconf 85' lang='lat'><strong><em>2</em></strong></span> <span class='ocrx_word' id='word_1_252' title='bbox 561 3349 611 3400; x_wconf 80' lang='lat' dir='ltr'>litt.</span> <span class='ocrx_word' id='word_1_253' title='bbox 623 3349 772 3413; x_wconf 77' lang='grc' dir='ltr'>ετοχαεμὸε</span> <span class='ocrx_word' id='word_1_254' title='bbox 782 3349 837 3402; x_wconf 84' lang='grc' dir='ltr'>ἀπὸ</span> <span class='ocrx_word' id='word_1_255' title='bbox 848 3352 945 3414; x_wconf 82' lang='grc' dir='ltr'>καιροῦ</span> <span class='ocrx_word' id='word_1_256' title='bbox 960 3346 1096 3417; x_wconf 75' lang='lat' dir='ltr'>supptlp</span> <span class='ocrx_word' id='word_1_257' title='bbox 1108 3364 1192 3400; x_wconf 87' lang='grc' dir='ltr'>κατο-</span> 
     </span>
     <span class='ocr_line' id='line_1_36' title="bbox 180 3416 1193 3484; baseline 0.001 -14"><span class='ocrx_word' id='word_1_258' title='bbox 180 3417 498 3484; x_wconf 70' lang='grc' dir='ltr'>ρίθμηειετῶνκαιρώνῗ</span> <span class='ocrx_word' id='word_1_259' title='bbox 535 3416 712 3474; x_wconf 81' lang='lat' dir='ltr'>13fectum0</span> <span class='ocrx_word' id='word_1_260' title='bbox 752 3423 784 3470; x_wconf 80' lang='lat'>14</span> <span class='ocrx_word' id='word_1_261' title='bbox 795 3417 1005 3474; x_wconf 83' lang='lat' dir='ltr'>occansionesO</span> <span class='ocrx_word' id='word_1_262' title='bbox 1044 3416 1193 3471; x_wconf 81' lang='lat' dir='ltr'>lofeceret</span> 
     </span>
     <span class='ocr_line' id='line_1_37' title="bbox 182 3487 1147 3561; baseline 0 -18"><span class='ocrx_word' id='word_1_263' title='bbox 182 3488 206 3543; x_wconf 82' lang='lat' dir='ltr'><em>O</em></span> <span class='ocrx_word' id='word_1_264' title='bbox 254 3491 287 3540; x_wconf 89' lang='lat'>18</span> <span class='ocrx_word' id='word_1_265' title='bbox 297 3487 580 3542; x_wconf 85' lang='lat' dir='ltr'>cruentissimationes</span> <span class='ocrx_word' id='word_1_266' title='bbox 591 3489 620 3554; x_wconf 82' lang='lat' dir='ltr'>G,</span> <span class='ocrx_word' id='word_1_267' title='bbox 630 3505 730 3544; x_wconf 71' lang='lat' dir='ltr'>coram</span> <span class='ocrx_word' id='word_1_268' title='bbox 780 3489 920 3544; x_wconf 70' lang='lat' dir='ltr'>tornaco</span> <span class='ocrx_word' id='word_1_269' title='bbox 972 3495 1004 3542; x_wconf 83' lang='lat'>21</span> <span class='ocrx_word' id='word_1_270' title='bbox 1016 3487 1147 3561; x_wconf 84' lang='lat' dir='ltr'>&lt;de&gt;me</span> 
     </span>
     <span class='ocr_line' id='line_1_38' title="bbox 182 3558 1195 3624; baseline 0.004 -12"><span class='ocrx_word' id='word_1_271' title='bbox 182 3563 214 3612; x_wconf 75' lang='lat'>23</span> <span class='ocrx_word' id='word_1_272' title='bbox 234 3573 317 3624; x_wconf 82' lang='lat' dir='ltr'>quam</span> <span class='ocrx_word' id='word_1_273' title='bbox 334 3558 406 3623; x_wconf 70' lang='lat' dir='ltr'>earo,</span> <span class='ocrx_word' id='word_1_274' title='bbox 420 3559 529 3614; x_wconf 57' lang='lat' dir='ltr'>cerr&amp;</span> <span class='ocrx_word' id='word_1_275' title='bbox 573 3558 610 3613; x_wconf 81' lang='lat' dir='ltr'>ud</span> <span class='ocrx_word' id='word_1_276' title='bbox 623 3576 666 3615; x_wconf 86' lang='lat' dir='ltr'>mo</span> <span class='ocrx_word' id='word_1_277' title='bbox 680 3560 749 3614; x_wconf 85' lang='lat' dir='ltr'>inC</span> <span class='ocrx_word' id='word_1_278' title='bbox 791 3559 889 3613; x_wconf 83' lang='lat' dir='ltr'>scribit</span> <span class='ocrx_word' id='word_1_279' title='bbox 901 3576 945 3614; x_wconf 85' lang='lat' dir='ltr'>mo</span> <span class='ocrx_word' id='word_1_280' title='bbox 1017 3564 1050 3614; x_wconf 81' lang='lat'>25</span> <span class='ocrx_word' id='word_1_281' title='bbox 1066 3560 1195 3616; x_wconf 73' lang='lat' dir='ltr'>nostrii]</span> 
     </span>
    </p>
   </div>
   <div class='ocr_carea' id='block_1_5' title="bbox 0 0 1340 3886">
    <p class='ocr_par' dir='ltr' id='par_1_14' title="bbox 0 0 1340 3886">
     <span class='ocr_line' id='line_1_39' title="bbox 0 0 1340 3886; baseline 0 0"><span class='ocrx_word' id='word_1_282' title='bbox 0 0 1340 3886; x_wconf 95' lang='lat' dir='ltr'> </span> 
     </span>
    </p>
   </div>
  </div>
 </body>
</html>
