2664 3886
554 219 568 279 s
590 217 738 266 rao-119.
1104 209 1146 279 99

200 381 281 457 Ipse
303 383 368 440 ille
391 383 541 442 maxime
563 382 693 440 ludius.

199 470 265 529 Hoc
287 472 318 529 et
339 470 463 528 relicum
490 471 526 529 de
548 471 580 529 P.
601 469 705 530 Clodio
733 471 855 544 dicitur,
884 473 966 529 cuius
989 472 1147 531 infamiam

134 563 164 618 et
186 559 330 619 dedecora
352 562 385 617 in
403 562 487 619 vario
507 579 612 638 genere
630 561 814 638 flagitiorum
832 561 978 635 plurimae
998 563 1146 620 orationes

135 647 284 708 Ciceronis
307 651 369 707 iam
391 651 463 708 nota
487 653 517 708 et
539 649 696 726 invulgata
719 650 860 708 fecerunt.

106 760 118 800 a
201 737 267 806 Qui
290 739 407 796 omnia
429 740 565 797 sororis
589 738 743 798 embolia
765 740 876 797 novit.

201 824 349 902 Clodiam,
386 829 501 904 generis
538 829 660 902 patricii
692 828 846 901 feminam,
883 844 1014 887 sororem
1049 828 1146 903 huius,

134 934 201 974 cum
232 935 292 991 qua
324 918 354 974 et
384 918 449 990 ipse
476 917 597 975 infamis
628 920 704 990 erat,
736 919 849 976 veteres
877 917 996 975 litterae
1023 917 1147 975 tradunt

134 1005 299 1064 studiosam
322 1006 413 1064 fuisse
437 1006 569 1064 saltandi
591 1007 741 1080 profusius
765 1007 796 1063 et
817 1004 1032 1064 inmoderatius
1057 1025 1147 1080 quam

133 1096 302 1153 matronam
325 1094 448 1154 deceret.
485 1093 550 1153 Hoc
572 1096 652 1152 enim
675 1093 862 1172 significatur
884 1096 942 1153 isto
966 1094 1064 1169 verbo,
1088 1113 1146 1170 quo

94 1205 120 1245 ro
134 1184 190 1241 ait:
222 1184 321 1241 ornato
351 1185 460 1242 sororis
492 1182 614 1242 embolia
639 1185 731 1252 acolt,
763 1185 904 1258 quoniam
931 1185 1082 1259 pertinent
1109 1183 1147 1241 ad

137 1275 237 1350 gestus
260 1273 441 1332 saltatorios.

199 1361 263 1418 Vix
286 1363 391 1421 vivus
415 1362 560 1438 effugit.

198 1449 244 1507 Ea
267 1451 382 1508 scilicet
404 1451 467 1524 die,
490 1467 550 1525 qua
572 1451 740 1525 spectatum
762 1452 886 1509 venerat
907 1450 993 1510 ludos
1016 1449 1146 1509 Honoris

133 1540 223 1614 atque
232 1539 373 1613 Virtutis,
396 1540 449 1614 qui
471 1538 697 1596 celebrabantur
715 1540 747 1596 in
765 1541 939 1598 memoriam
958 1541 988 1596 et
1005 1539 1147 1598 honorem

93 1648 119 1689 15
135 1626 165 1686 C.
184 1626 286 1702 Marii,
315 1647 333 1687 a
361 1645 419 1704 quo
447 1645 493 1686 res
513 1625 594 1686 'bello
619 1626 766 1686 Cimbrico
790 1627 918 1685 feliciter
945 1628 1045 1705 gestae
1069 1629 1146 1685 sunt.

133 1715 231 1774 Isdem
262 1714 341 1775 ludis
371 1718 463 1775 etiarn
492 1717 619 1791 populus
648 1715 792 1794 dignitati
820 1714 969 1775 Ciceronis
994 1715 1033 1774 ad
1061 1717 1146 1774 resti·

132 1807 280 1864 tutionem
303 1805 482 1883 suffragatus
506 1808 559 1864 est.

199 1895 448 1954 Lacrimantes
472 1894 612 1972 gaudio.
1165 1896 1250 1956 5117.

200 1982 441 2042 Celebratissima
468 1983 589 2042 Terenti
621 1983 727 2042 cornici
757 1983 831 2042 haec
863 1984 1011 2042 sententia
1039 1985 1085 2042 est
1111 2001 1146 2041 ex

94 2091 259 2147 sopersona
285 2075 381 2148 patris
414 2073 449 2132 de
481 2072 538 2130 filii
564 2074 613 2131 sui
644 2073 829 2132 continentia
861 2073 1055 2150 gratulantis,
1087 2073 1147 2130 nisi

62 2191 65 2198 ,
134 2162 232 2235 fallor,
255 2162 361 2220 iisdem
383 2162 495 2221 verbis:
518 2162 656 2220 Lucrinae
677 2162 795 2236 gaudio.

199 2251 287 2310 Nam
310 2269 386 2309 cum
409 2253 577 2328 ageretur
598 2253 733 2328 togata.
1165 2252 1249 2313 5118.

199 2339 319 2398 Afranii
350 2341 472 2398 scilicet.
531 2338 595 2408 Quo
627 2341 659 2398 in
691 2342 823 2414 tempore
855 2339 1002 2417 gloriatur
1027 2341 1145 2397 annun

133 2429 237 2504 populi
255 2430 346 2488 fuisse
361 2446 543 2502 consensum,
562 2430 597 2486 ut
615 2430 645 2487 et
663 2427 817 2486 maledicis
830 2428 951 2487 vocibus
965 2423 1145 2506 (Clodium)

93 2537 118 2578 aa
132 2518 329 2577 insectaretur
352 2521 382 2576 et
404 2520 508 2578 votum
535 2536 622 2575 suum
645 2516 680 2574 de
703 2514 852 2575 Ciceronis
870 2517 969 2575 reditu
992 2518 1143 2575 fateretur

200 2607 244 2665 Et
262 2625 393 2683 quaeso
411 2607 476 2666 hoc
498 2607 645 2679 inloco,
667 2604 820 2679 iudices,
844 2624 884 2663 ne
903 2624 971 2681 qua
989 2605 1144 2664 levitate
1163 2609 1250 2668 §119-

133 2714 184 2753 me
229 2695 373 2755 ductum
418 2695 460 2754 ad
504 2695 695 2753 insolitum
736 2712 845 2771 genus
886 2693 1030 2751 dicendi
1069 2693 1146 2752 labi

132 2787 280 2859 putetis.

199 2978 215 3025 2
242 2974 378 3042 imprimis
395 2971 425 3025 in
444 2971 572 3025 Clodium
591 2972 620 3023 et
638 2969 786 3023 Curionem
804 2975 830 3024 ct
846 2986 897 3037 pro
916 2967 1027 3022 Milone.

201 3049 215 3095 7
243 3043 309 3097 Sall.
330 3043 388 3098 Cat.
409 3047 486 3108 25,2
506 3041 690 3111 (Sempronia)
714 3039 834 3109 psallere
858 3042 887 3093 et
910 3039 1013 3092 saltare
1032 3039 1144 3108 elegan-

131 3113 197 3180 tius,
217 3132 302 3182 quam
319 3129 432 3168 necesse
451 3116 494 3166 cst
511 3113 624 3182 probae.

200 3192 231 3238 21
252 3185 312 3240 Ter.
331 3185 477 3254 Adelphce
495 3189 546 3238 409
562 3183 610 3251 (III
629 3189 654 3252 3,
668 3186 721 3253 55).

131 3305 345 3314 u...—

200 3381 305 3450 ripen
328 3382 415 3435 naon
497 3385 513 3432 o
542 3345 727 3451 secesdaer
807 3384 839 3430 14
867 3376 1056 3458 celebrantur„
1070 3377 1143 3444 cna,

131 3469 199 3508 corr.
214 3452 247 3507 St
291 3452 443 3506 memoriae
461 3452 594 3506 honorem
613 3453 642 3504 et
661 3451 691 3516 O,
709 3466 777 3504 corr.
791 3466 834 3504 oro
908 3453 939 3502 19
959 3448 1102 3503 comcuO

132 3523 267 3579 sentiaO
353 3529 386 3577 21
406 3523 559 3592 gaudeoC
646 3527 680 3574 24
699 3519 900 3576 malediciisC
969 3517 1142 3592 (Clodium)

134 3596 172 3650 Cr
244 3600 277 3648 26
303 3594 334 3646 in
351 3612 401 3649 orn.
420 3595 496 3650 codd.
512 3596 566 3649 Cic.

928 3672 971 3733 ⁷*
