2664 3886
580 218 595 277 5
615 217 763 265 124-131.
1111 211 1173 276 103

229 372 493 452 Ἐνκωμιαετικῶε
524 379 560 437 de
593 377 644 437 On.
675 379 830 456 Pompeio,
866 399 955 455 quem
991 383 1108 440 constat
1139 400 1174 439 ex

162 467 265 527 Africa
292 469 362 543 post
384 485 557 543 oppressum
580 469 747 528 Domitium
771 467 994 545 Clupeanosque
1021 470 1174 547 fugitivos,

162 575 196 614 ex
223 555 319 616 Ponto
351 558 438 616 victis
466 557 641 616 Mithridate
668 560 699 616 et
726 559 828 633 sociis,
861 558 896 616 de
928 558 1075 634 Hispania
1106 562 1175 634 post

162 647 290 704 occisum
320 645 353 715 Q.
378 645 543 704 Sertorium
573 649 603 706 et
630 666 803 722 oppressum
825 647 864 704 M.
883 647 1063 723 Perpernam
1089 646 1174 708 Lusi·

135 735 299 809 stanisque
321 736 408 793 victis
431 735 609 795 triumfasse.

226 823 277 881 Ne
300 825 379 898 quis
403 823 443 881 de
467 825 566 883 caelo
590 826 760 884 servaret.

227 911 483 988 Undiqueversum
507 958 563 987 ...,
587 914 643 972 hoc
662 916 706 973 est
724 913 835 973 iudicia
853 914 989 990 publicae
1009 915 1174 973 voluntatis

160 1001 196 1060 de
219 1020 249 1060 se
272 1001 376 1060 hahita
398 1004 561 1080 congregat
583 1005 614 1061 et
635 1003 785 1062 inlustrat.
831 1003 914 1061 Inter
937 1021 1013 1079 quae
1036 1005 1175 1078 penitet

160 1091 215 1150 hoc
228 1109 291 1150 esse
305 1090 465 1166 decretum,
483 1111 520 1149 ne
539 1091 574 1149 de
592 1093 673 1150 caelo
687 1093 864 1167 servaretur,
883 1093 1025 1167 quoniam
1040 1091 1175 1151 solebant
1232 1121 1235 1126 ,
1264 1137 1266 1140 .

120 1181 290 1240 coactiones
313 1179 461 1256 impediri,
484 1182 510 1238 si
532 1181 633 1258 fulgur
654 1183 844 1240 nuntiaretur
861 1182 910 1239 vel
933 1183 1051 1240 ostentu
1072 1182 1173 1257 ahquo

159 1269 369 1328 dirimerentur
391 1288 440 1343 ea,
463 1288 539 1345 quae
562 1270 601 1328 ad
622 1271 767 1346 populum
790 1270 969 1329 ferebantur.

225 1358 343 1434 Atque
379 1357 484 1433 idem,
526 1358 569 1416 ad
604 1377 659 1418 res
696 1358 882 1418 redeuntis
919 1362 958 1418 ut
993 1361 1173 1434 venirent,

159 1449 383 1524 rogarentur.

227 1534 314 1595 Certa
350 1554 419 1610 pars
457 1535 528 1594 anni
564 1534 789 1609 observabatur,
826 1555 886 1611 qua
921 1537 997 1594 nihil
1033 1539 1065 1593 in
1101 1537 1174 1595 urbe

120 1641 145 1682 15
160 1627 325 1703 gereretur,
349 1624 428 1700 quod
451 1623 558 1682 adres
581 1624 736 1682 iudiciales
760 1627 790 1682 et
808 1626 995 1702 negotiorum
1018 1626 1173 1684 sollemnia

158 1716 328 1790 pertineret.
383 1714 467 1771 Tunc
498 1714 592 1790 igitur
623 1714 753 1788 prolatio
784 1732 884 1772 rerum
914 1713 980 1773 fieri
1012 1714 1173 1788 dicebatur,

159 1822 217 1878 quo
248 1805 381 1878 tempore
413 1804 516 1862 exacto
548 1821 647 1861 rerum
679 1804 762 1862 actus
799 1802 929 1878 redibat,
965 1803 997 1861 id
1029 1805 1086 1878 est,
1123 1805 1173 1881 agi

159 1893 259 1951 omnia
290 1891 451 1951 secundum
483 1893 601 1950 civilem
633 1891 876 1951 consuetudinem
907 1895 938 1950 et
969 1894 1097 1951 exerceri
1127 1894 1172 1950 in-

158 1980 316 2056 cipiebant.
362 1980 445 2040 Dicit
472 1999 542 2058 ergo
570 1999 641 2040 suae
669 1981 826 2059 dignitatis
854 2000 943 2041 causa
971 1983 1002 2040 et
1027 1982 1083 2040 hoc
1110 2000 1173 2040 esse

118 2085 144 2126 so
158 2070 321 2144 decretum,
353 2072 388 2127 ut
418 2071 586 2129 instaurato
617 2089 717 2129 rerum
749 2073 819 2129 actu
846 2072 924 2130 cives
951 2071 1077 2129 Romam
1104 2089 1171 2129 con·

157 2160 302 2233 venirent,
326 2160 378 2233 qui
400 2158 551 2217 decretum
574 2158 610 2216 de
633 2178 687 2218 sua
708 2161 899 2218 restitutione
921 2159 1082 2218 firmarent.

223 2247 358 2306 Mecum
378 2247 504 2306 absens
527 2247 708 2305 beneficio
731 2267 793 2307 suo
815 2249 928 2307 rediit
950 2251 986 2306 in
1006 2249 1169 2326 gratiam.
1191 2251 1277 2326 §lad

225 2337 319 2412 Saepe
355 2336 469 2394 dictum
505 2337 550 2394 est
582 2335 615 2404 Q.
642 2335 797 2394 Metellum
827 2339 988 2413 Nepotem,
1024 2339 1077 2414 qui
1113 2337 1171 2396 dis·

157 2429 289 2485 senserat
312 2444 330 2483 a
351 2425 391 2482 M.
415 2424 514 2482 Tullio
537 2443 632 2500 nuper
654 2426 686 2483 in
708 2425 872 2501 tribunatu,
895 2429 999 2502 postea
1021 2427 1171 2486 consulem

117 2531 143 2570 as
157 2515 299 2590 depositis
335 2514 502 2572 inimicitiis
537 2515 763 2573 reconciliatum
799 2534 858 2574 non
895 2515 1058 2589 obstitisse,
1099 2535 1171 2590 quo·

157 2605 254 2663 minus
278 2602 316 2662 ab
339 2603 427 2661 exilio
450 2602 646 2661 reduceretur.

224 2690 477 2750 Gratissimum
500 2692 610 2750 fratri
633 2711 694 2750 suc
718 2692 815 2750 fecit.
1188 2695 1277 2756 §131-

224 2780 257 2850 Q.
281 2782 394 2840 scilicet
424 2780 546 2840 Metello
576 2780 680 2855 Galeri,
712 2781 765 2856 qui
796 2781 931 2856 proximo
963 2782 1093 2839 triennio
1121 2780 1170 2839 de-

157 2874 285 2929 cesserat
306 2870 414 2928 infami
436 2871 528 2928 etiam
546 2872 641 2928 morte
660 2869 695 2928 de
714 2868 864 2944 veneficio,
888 2870 967 2944 quod
986 2871 1013 2928 ei
1031 2872 1170 2945 paratum

225 3021 366 3094 teNch
386 3065 391 3075 .
409 3064 414 3075 .
431 3064 436 3077 .
453 3023 486 3075 ΤΙ
508 3022 682 3076 ...cloec
697 3039 758 3075 com
776 3023 827 3075 litt.
841 3022 930 3089 suppl.
945 3027 1100 3092 conprawat

157 3099 173 3146 2
201 3091 442 3162 (lleppianosquce
462 3093 485 3148 0
506 3091 729 3162 Gleppianosque
749 3109 805 3157 mo,
828 3109 896 3146 corr.
918 3091 956 3146 Or
1032 3097 1047 3144 3
1076 3106 1110 3146 ex
1127 3109 1170 3146 mo

157 3165 229 3219 etO
297 3163 393 3218 uictisi
413 3165 436 3219 0
456 3163 530 3217 victo
548 3181 604 3230 mo,
622 3181 690 3218 corr.
706 3165 793 3218 Halm
864 3161 1028 3216 Mithridate
1050 3161 1172 3218 hocsiO

156 3234 321 3289 Mithridate
339 3251 404 3304 rege
423 3252 466 3289 mo
484 3233 657 3288 Mithridatis
676 3233 764 3304 copiis
783 3235 870 3288 Halm
893 3232 1075 3287 Mithridates
1093 3237 1135 3289 cel

156 3306 316 3361 Mithridati
330 3305 419 3375 copiis
434 3306 475 3376 29
540 3308 746 3360 ltac.4cm.=
763 3311 797 3359 10
811 3307 862 3360 litt.
927 3311 959 3358 10
974 3307 1084 3359 ostento
1097 3307 1135 3361 Or

155 3377 309 3445 hlltlthll·
392 3382 425 3431 11
449 3378 482 3444 tl·
564 3383 596 3430 12
620 3377 711 3445 adque
736 3377 784 3432 Um
857 3383 890 3430 14
913 3376 1077 3430 obser-natur
1096 3379 1169 3443 Orno,

155 3468 223 3506 corr.
236 3450 274 3505 Or
348 3452 380 3501 18
399 3446 554 3518 incipiebat
571 3449 644 3513 Orac,
662 3465 730 3502 corr.
745 3449 777 3503 st
848 3452 882 3501 20
901 3447 1058 3501 instaurato
1077 3464 1170 3502 rerum

156 3521 281 3576 actiones
297 3521 326 3586 0,
340 3537 408 3575 corr.
419 3521 476 3574 Leo
494 3518 650 3572 instaurata
663 3535 756 3572 rerum
770 3519 880 3573 actione
894 3535 936 3574 mo
977 3519 1066 3572 Roma
1082 3521 1106 3575 0

157 3598 190 3648 28
210 3592 240 3657 Q.
260 3609 304 3646 mc
358 3606 430 3659 quae
450 3592 474 3646 0
552 3595 585 3643 29
604 3589 740 3644 beneficio
761 3592 784 3645 0
