2670 3876
375 738 628 812 EXOERPTA
655 737 913 812 BOBIENSIA

354 860 570 964 (SCHOLIA
586 859 929 961 GRONOVIANA)

290 1007 346 1067 AD
374 1005 532 1067 ACTION.
556 1008 601 1066 IN
623 1007 790 1066 VERREM
816 1008 847 1068 Π
874 1008 949 1067 LlB.
973 1007 995 1065 I.

587 1165 694 1174 --—---

203 1320 253 1334 ...
272 1295 381 1351 ponere
404 1277 468 1335 sine
490 1276 551 1335 illis
570 1274 714 1336 looalibus
733 1276 834 1335 faleris
853 1276 959 1335 melius
978 1277 1031 1336 est.
1068 1273 1148 1334 Nam
1166 1281 1182 1341 5
1200 1281 1244 1329 45.

134 1366 220 1424 tanto
265 1366 361 1424 maior
405 1363 476 1425 fides
523 1363 691 1440 adquiritur
733 1366 842 1424 nostris
882 1364 1148 1437 criminationibus,

136 1455 247 1529 quanto
274 1454 411 1513 videmur
437 1454 594 1534 tragoedia
619 1455 830 1529 praetermissa
852 1455 947 1512 veluti
973 1454 1054 1512 nuda
1081 1471 1148 1529 pro-

135 1544 283 1619 positione
306 1561 367 1603 esse
391 1543 531 1602 contenti.
568 1542 669 1602 Velim
690 1545 792 1602 tamen
815 1544 846 1602 et
867 1543 900 1600 in
922 1543 978 1601 hae
1000 1542 1148 1601 brevitate

108 1633 297 1708 sperspioias
329 1651 388 1691 non
418 1631 519 1691 abesse
551 1630 701 1691 Oioeronis
733 1631 865 1690 studium
896 1629 953 1705 τῆς
980 1625 1147 1705 αὐξήεεωε.

134 1721 170 1780 Id
198 1722 277 1780 enim
305 1722 379 1798 egit,
411 1724 447 1779 ut
473 1722 611 1796 quamvis
638 1723 816 1797 proponeret
842 1714 1016 1798 (tantum),
1047 1723 1149 1778 tamen

136 1809 329 1870 acerbitatem
351 1810 424 1868 mali
451 1810 592 1870 facinoris
616 1811 778 1870 extolleret.
824 1809 928 1885 Ipoem
954 1827 1061 1884 parum
1084 1811 1149 1868 erat

135 1898 256 1959 dixisse:
279 1898 405 1959 subieoit
423 1916 457 1959 ea
476 1899 565 1975 tipum
583 1900 737 1968 viridibus,
756 1898 835 1975 quod
853 1900 898 1959 est
916 1897 1147 1971 intolerabilius3

136 1987 251 2048 eddidit
291 1989 382 2048 etiam
426 1989 550 2058 umidis,
591 2007 648 2064 quo
694 1989 817 2064 spiritus
858 1989 954 2066 magis
994 1989 1148 2066 magisque

95 2096 121 2138 ro
135 2077 246 2136 auferri
277 2078 366 2152 solet3
403 2079 592 2154 superposuit
622 2079 655 2137 tu
686 2079 746 2137 loeo
778 2081 913 2152 oupusto,
948 2076 998 2136 ubi
1031 2077 1149 2136 densior

134 2165 234 2225 fumus
275 2168 390 2226 animas
435 2167 606 2226 haurientes
651 2167 746 2244 urget.
813 2164 885 2226 Post
929 2166 1003 2226 haee
1043 2165 1148 2224 deinde

134 2255 240 2314 intulit
267 2257 411 2315 hominem
437 2257 596 2330 iupeuuwm
623 2255 715 2323 domi,
745 2256 883 2330 ooMlom,
908 2274 942 2328 p.
969 2255 1007 2313 R.
1038 2257 1149 2315 socium

135 2348 220 2418 atrae
263 2346 403 2413 ammaon,
447 2347 529 2418 furno
574 2346 769 2404 mumolum
812 2346 984 2404 amineam
1024 2345 1148 2418 reliquit.

135 2433 257 2507 Totum,
299 2435 325 2492 si
366 2433 515 2511 gradatim
555 2433 734 2507 consideres,
775 2428 942 2507 αὐξητικὸν
983 2433 1036 2493 ost.
1109 2431 1150 2491 Et

94 2539 121 2582 ro
135 2523 331 2582 nihilominus
364 2525 446 2582 visus
483 2524 529 2582 est
559 2523 677 2582 tantum
709 2523 914 2598 proposuisse,
945 2541 1006 2580 non
1039 2524 1069 2580 et
1100 2541 1148 2580 ex-

136 2630 299 2690 aggerasse,
323 2631 389 2672 eum
412 2611 563 2672 robustius
581 2630 641 2671 non
658 2612 791 2686 potuerit
810 2630 925 2690 augere.
962 2610 1019 2684 Ita,
1042 2611 1068 2671 si
1085 2629 1149 2668 rem

136 2703 257 2778 speeies,
271 2719 381 2779 magne
395 2702 482 2777 eopia
495 2703 549 2774 est,
567 2702 593 2761 si
607 2700 698 2760 verba
711 2719 856 2774 numeres,
874 2718 991 2761 summa
1007 2697 1147 2759 brevitas.

202 2789 323 2865 anue
358 2789 395 2848 in
431 2789 634 2849 onerariam
671 2807 795 2848 navem
827 2807 925 2848 suam
961 2787 1243 2849 ooioiendet46¹

136 2879 286 2937 curavit.

94 2983 121 3024 so
203 2966 326 3044 copiam
349 2968 522 3044 rapinarum
545 2969 576 3026 et
594 2969 745 3046 signorum
763 2965 986 3025 multitudinem
1005 2965 1040 3024 de
1059 2964 1146 3024 modo

134 3057 220 3116 navis
243 3056 386 3131 ostendit3
409 3058 529 3133 quippe,
552 3057 579 3115 si
602 3057 640 3116 ad
662 3057 734 3116 haee
757 3057 853 3131 spolia
871 3056 976 3131 templi
995 3054 1148 3114 evehenda

135 3147 270 3204 oneraria
297 3147 383 3206 navis
411 3145 532 3206 admota
562 3148 619 3218 est,
654 3148 779 3221 apparet
805 3145 959 3219 quantitas
987 3145 1084 3204 oneris
1111 3143 1147 3202 de

135 3234 214 3292 alvei
236 3233 451 3314 magnitudine.

203 3427 216 3474 1
232 3437 386 3490 proponere
400 3421 433 3478 st
504 3429 519 3476 2
534 3422 673 3491 qnandos
736 3422 829 3487 tfort.
844 3421 949 3490 quanto
960 3418 1094 3492 (magis)

134 3497 150 3545 5
170 3495 302 3560 αὐξηεεοε
322 3493 345 3548 O
414 3499 431 3546 6
455 3493 485 3546 id
503 3493 578 3548 enim
596 3493 640 3548 St:
658 3492 734 3547 idem
754 3492 777 3547 0
828 3493 940 3545 tantum
965 3491 1070 3548 inserui
1088 3492 1146 3546 coll.

132 3580 158 3618 o.
174 3568 209 3617 15
283 3569 316 3618 10
336 3564 434 3635 augeri
450 3565 483 3632 0,
501 3581 569 3620 corr.
584 3566 641 3620 Leo
714 3569 745 3617 11
765 3565 879 3633 urgeret
894 3563 927 3629 Ο,
946 3577 1013 3618 corr.
1029 3563 1086 3616 Leo

136 3641 168 3688 12
187 3635 267 3704 p‘rt'
337 3641 369 3689 16
388 3654 444 3691 non
463 3637 513 3692 del.
533 3635 564 3692 st
634 3640 668 3689 23
687 3634 804 3690 albeiC

188 3732 280 3776 Scholia
294 3735 419 3776 Bobiensia
433 3735 468 3775 ed.
482 3734 643 3776 Hildebrandt.
973 3728 987 3775 1
