2664 3886
580 217 595 278 s
614 215 728 263 ιιι-ιι.
1113 211 1158 276 49

148 399 152 406 ’
209 379 441 438 Heraclidam
462 381 572 438 istum
596 379 718 438 Temni
740 381 865 455 postea
888 397 986 438 nemo
1010 379 1112 438 vidit.

209 462 289 528 Ἀπὸ
311 467 378 527 τῶν
396 463 501 542 ἔργων
519 464 570 527 καὶ
588 461 654 527 ἀπὸ
677 467 734 542 τῆ(
755 463 890 527 πίετεωε
908 466 967 528 τοῦ
986 461 1158 531 ἀντιδίκου.

144 557 361 633 Consequentia
382 558 415 616 in
438 561 646 636 argumentum
668 557 791 615 deduxit
813 558 891 630 eius,
915 557 967 632 qui
989 556 1047 615 sibi
1069 557 1158 618 huius

142 646 257 706 fraudis
280 647 413 706 conscius
437 647 582 705 auxilium
598 647 693 724 fugae
715 646 845 721 petierit.

113 754 128 796 s
209 733 276 803 Qui
298 738 416 794 tamen
439 734 596 794 credidit
621 734 655 797 P.
671 734 794 794 Fulvii
811 734 940 792 Nerati
961 735 1157 794 lectissimi
1176 741 1192 802 ξ
1210 741 1257 792 46.

142 825 298 883 hominis
322 823 404 882 fide.
661 826 664 830 ’

208 913 381 990 Eleganter,
412 931 449 970 ne
476 912 549 988 quid
577 911 634 972 sibi
657 911 695 970 ad
717 912 922 972 testimonium
943 912 1086 989 probatae
1112 914 1158 971 in·

142 1003 293 1079 tegritatis
325 1001 493 1060 adsumeret
521 1001 707 1075 Heraclides,
739 1002 895 1077 pecuniam
927 1001 1071 1060 creditam
1101 1003 1158 1076 illi,

142 1089 197 1150 sub
220 1091 318 1150 aliena
340 1093 440 1149 tamen
462 1089 520 1148 fide
543 1093 573 1148 et
595 1091 791 1166 promissione
810 1089 892 1164 dicit,
915 1093 949 1148 ut
966 1091 1019 1149 ille
1038 1091 1158 1167 quidem

101 1180 220 1240 ramale
242 1182 330 1239 notus
353 1181 452 1253 fuerit,
476 1180 545 1239 aliis
563 1181 663 1239 tamen
683 1180 836 1255 oppositis,
854 1173 930 1256 <ut>
951 1178 1009 1238 sibi
1031 1181 1158 1255 pecunia

143 1268 318 1343 crederetur,
341 1269 478 1331 effecerit.

208 1357 275 1416 Hic
296 1358 415 1417 hercle
438 1352 591 1416 ‘cornici
614 1351 776 1431 oculum',
799 1358 838 1414 ut
860 1356 1005 1416 dicitur.

208 1446 368 1506 Proverbio
396 1446 584 1505 celeberrimo
608 1464 678 1506 usus
702 1447 759 1519 est,
788 1446 871 1504 cuius
899 1448 930 1504 et
956 1464 1010 1521 pro
1033 1446 1158 1505 Murena

141 1536 322 1594 mentionem
344 1536 425 1593 facit.
465 1533 574 1595 (lornix
597 1537 697 1593 autem
720 1535 784 1593 aris
809 1551 900 1612 genus
920 1537 974 1609 est,
997 1534 1076 1610 qnod
1095 1553 1157 1594 esse

101 1625 237 1684 refertur
264 1625 437 1682 acutissima
460 1625 573 1684 visione
602 1627 644 1698 et,
676 1623 793 1698 quando
822 1622 943 1698 aliquod
969 1622 1008 1681 ad
1031 1623 1158 1683 cadaver

142 1713 273 1786 offendit,
311 1714 469 1789 praecipue
500 1712 641 1772 invadere
672 1714 705 1770 in
737 1712 838 1771 oculos
875 1711 994 1770 dicitur.
1045 1712 1155 1772 Volens

142 1821 211 1880 ergo
244 1800 411 1880 significare
444 1801 642 1878 Hermippum
677 1801 828 1860 hominem
859 1800 1087 1860 callidissimum
1119 1801 1157 1859 ab

140 1892 197 1950 hoc
228 1890 330 1950 eodem
353 1890 513 1950 Heraclida
543 1908 606 1950 esse
634 1890 790 1966 deceptum
822 1891 865 1948 ait
892 1909 952 1949 non
979 1891 1068 1949 aliter
1094 1891 1158 1949 iam

141 1979 296 2053 accidisse,
320 1998 410 2055 quam
432 1981 460 2039 si
481 1981 593 2040 cornici
615 1980 715 2040 oculos
739 1979 874 2052 effodias,
897 1996 964 2037 oum
986 1981 1054 2054 ipsa
1075 1981 1157 2038 vesci

101 2087 128 2128 ao
142 2068 236 2128 soleat
259 2069 373 2127 alienis.

206 2157 370 2216 Habebat
410 2157 623 2233 discipulos,
668 2175 755 2234 quos
797 2156 947 2217 dimidio
990 2156 1157 2216 redderet

141 2247 331 2306 stultiores
356 2266 459 2321 quam
481 2249 678 2322 acceperat.

209 2380 259 2395 ...
282 2334 397 2393 Inludit
414 2354 557 2411 personae
576 2336 702 2395 rhetoris
720 2335 845 2411 inperiti
862 2335 939 2394 hanc
957 2334 1156 2394 eruditionem

142 2422 355 2499 discipulorum
382 2425 473 2484 fuisse
499 2423 616 2484 ineius
640 2424 742 2484 schola
764 2423 880 2498 dicens,
909 2425 998 2482 utin
1021 2443 1056 2483 ea
1078 2425 1156 2483 nihil

101 2529 127 2572 rs
142 2511 225 2571 aliud
247 2511 407 2571 disceretur
429 2516 548 2590 praeter
570 2512 772 2591 ignorantiam
794 2513 970 2572 litterarum.

208 2600 404 2660 Infatuare.
1174 2605 1189 2665 ξ
1208 2605 1256 2653 47.

207 2689 300 2749 Verbi
321 2692 486 2749 novitatem
508 2690 734 2750 consideremus.

208 2883 242 2931 13
260 2893 310 2947 pro
329 2876 399 2932 Mur.
414 2877 453 2930 XI
467 2883 499 2932 25
518 2877 648 2932 Inventus
667 2878 710 2932 est
724 2876 815 2932 scriba
829 2876 953 2945 quidam,
973 2873 1023 2938 On.
1032 2875 1154 2943 Flavius,

140 2949 191 3016 qui
210 2948 352 3003 cornicum
370 2948 464 3004 oculos
486 2949 631 3004 confixerit

209 3112 223 3161 1
237 3108 313 3164 verbi
321 3111 412 3176 ἔργων
427 3111 525 3182 beqitor
583 3126 658 3177 ργων
673 3109 722 3164 loc.
733 3124 780 3164 cc.
792 3108 966 3163 litt—uerbi
975 3106 1155 3180 llllcl'eblc

138 3179 248 3249 syllaba
261 3180 301 3233 ΠΙ
317 3181 428 3235 wocurt
500 3179 712 3236 medaea.
727 3180 757 3234 L.
770 3181 834 3235 Grec
907 3178 1054 3249 lprobate
1070 3180 1109 3234 0·

139 3304 291 3357 ennam
316 3304 354 3359 cr
436 3303 719 3374 100pp0eitisibi0
798 3310 831 3357 ιι
857 3265 984 3358 sterne
1007 3302 1054 3358 aa
1082 3302 1155 3358 eree

139 3390 184 3430 mo
255 3374 464 3431 ocumulumO
554 3380 586 3428 21
610 3375 735 3430 habebat
762 3374 915 3444 discipulos
940 3375 1004 3430 Ome
1031 3373 1155 3429 habebat

141 3445 216 3498 enim
234 3445 329 3500 rhetor
346 3447 401 3501 iste
415 3446 608 3501 adulescentes
622 3446 759 3514 quosdam
772 3445 927 3516 locupletes
943 3447 1019 3501 codd.
1032 3447 1086 3502 (lic.

140 3521 176 3578 23
195 3516 245 3572 loc.
258 3535 306 3572 wc.
321 3535 369 3574 cm.
380 3520 413 3587 -Ι-
428 3534 476 3573 cc.
492 3519 540 3573 lle.
551 3520 584 3585 -Ι-
605 3518 654 3590 1¹l,
674 3535 723 3574 cm.
734 3545 767 3564 =
781 3523 820 3574 22
839 3520 889 3575 litt.
910 3521 978 3585 μετὰ
997 3522 1153 3586 χλευαεμοθ

139 3589 230 3658 suppl.
244 3588 286 3660 Zp
303 3591 455 3657 χαριέντως
472 3592 548 3658 παρὰ
566 3590 750 3658 npocboxtov?
822 3595 856 3644 25
876 3587 947 3645 aliut
967 3590 990 3645 0

194 3687 288 3730 Scholia
301 3687 426 3730 Bobleurla
439 3688 474 3729 ed.
484 3688 647 3730 Hlldebrnndl.
977 3685 994 3731 4
