2676 3876
184 198 248 263 164
549 196 621 251 Pao
644 196 782 251 nucum

86 377 163 437 524.
251 365 363 437 Quid?
385 367 508 426 noster
531 366 589 424 hio
611 365 768 443 Magnus,

249 456 294 514 De
319 455 369 515 On.
389 454 531 530 Pompeio
554 454 613 513 dici
641 458 686 513 est
712 456 913 514 manifestum.
960 455 1001 514 Et
1026 450 1203 532 opportune,

182 547 324 623 quoniam
356 563 447 621 supra
477 545 658 603 mentionem
689 544 801 604 fecerat
832 545 1001 604 Macedonis
1029 543 1204 620 Alexandri,

182 635 230 695 cui
261 634 317 694 hoo
347 634 427 692 idem
459 633 688 710 cognomentum
719 633 791 707 fuit,
822 634 861 692 de
892 632 1034 710 Pompeio
1067 633 1202 694 dicturus

184 724 295 782 adiecit
317 725 363 782 bic
384 726 488 781 costen
1231 741 1244 782 ι

87 821 165 880 §25-
251 813 481 890 Epigramma
522 812 557 868 in
600 829 676 868 eum
716 811 877 885 fecisset,
918 812 1060 870 tantum
1100 810 1202 870 modo

185 902 339 962 alternis
362 900 536 960 versibus.

250 990 297 1049 Ab
320 990 454 1065 exemplo
477 987 646 1064 iudicando,
669 1006 730 1047 non
748 988 811 1046 sine
830 987 999 1048 differentia
1016 989 1117 1048 tamen
1136 1006 1201 1063 per-

183 1098 324 1139 sonarum
355 1080 428 1137 haec
461 1077 682 1153 argumentatio
714 1077 857 1151 impletur
883 1077 916 1135 L.
941 1075 1057 1153 Syllam
1083 1079 1203 1151 praeter

184 1171 294 1227 ceteros
313 1167 441 1226 Archiae
461 1165 601 1223 daturum
620 1165 774 1223 civitatem
791 1165 957 1224 Romanam
977 1167 1077 1241 fuisse,
1095 1167 1245 1241 poetasse

183 1256 382 1329 nobilissimo,
428 1253 480 1330 qui
520 1255 613 1311 etiam
653 1253 748 1312 malos
788 1253 945 1330 plerosque
987 1256 1203 1314 existimaverit

183 1344 381 1404 honorandos.
415 1343 587 1402 Alternos
610 1343 705 1420 igitur
723 1361 824 1402 versus
843 1343 917 1402 dicit
936 1343 1081 1421 elegiacos
1099 1345 1202 1404 metris

184 1433 298 1492 scilicet
316 1430 559 1492 dissentientibus
573 1433 680 1492 varios.
712 1431 830 1492 Primus
844 1434 946 1491 autem
959 1433 1077 1491 videtur
1091 1433 1203 1508 elegia-

185 1541 252 1582 cum
271 1541 390 1581 carmen
405 1521 556 1582 scribsisse
570 1519 709 1580 Callinos.
742 1520 845 1579 Adicit
857 1521 1034 1581 Aristoteles
1048 1524 1203 1597 praeterea

183 1611 239 1671 hoc
266 1626 360 1689 genus
385 1614 489 1687 poetas
517 1609 731 1668 Antimachum
759 1608 959 1684 (lolofonium,
989 1609 1203 1670 Archilochum
1216 1630 1245 1671 rs

183 1700 314 1774 Parium,
337 1701 547 1759 Mimnermum
566 1697 764 1772 (lolofonium,
787 1718 913 1775 quorum
936 1717 1059 1760 numero
1082 1699 1203 1758 additum

184 1791 274 1848 etiam
300 1788 399 1863 Solon,
423 1788 653 1847 Atheniensium
674 1789 775 1864 legum
797 1787 924 1847 scribtor
946 1788 1157 1847 nobilissimus,

180 1901 185 1910 “
250 1879 301 1936 Ex
332 1879 389 1937 his
420 1876 540 1950 rebus,
578 1893 665 1953 quas
696 1875 887 1950 vendebat,
923 1877 1033 1937 iussit
1065 1877 1096 1936 ei
1128 1879 1202 1935 tum

183 1968 341 2043 pretium
387 1966 515 2041 tribui,
564 1965 624 2024 sed
672 1982 711 2023 ea
759 1965 983 2040 condicione,
1031 1986 1072 2025 ne
1117 1965 1203 2042 quid

183 2058 311 2132 postea
334 2055 517 2115 scriberet.
1216 2075 1245 2116 ao

250 2145 320 2203 Non
342 2146 443 2221 potuit
462 2142 626 2219 expressius
644 2143 721 2200 vitia
739 2144 845 2217 poetae
863 2143 1023 2219 declarare,
1047 2162 1138 2220 quam
1156 2144 1203 2201 di-

185 2232 276 2291 cendo
291 2233 396 2290 datum
410 2233 458 2290 illi
471 2249 531 2290 non
539 2232 706 2307 praemium
719 2231 827 2305 laudis,
841 2232 893 2290 sed
906 2234 1070 2293 mercedem
1080 2233 1202 2292 silentii.

98 2332 175 2394 §aa
253 2321 372 2380 Etiam
396 2319 580 2380 Cordubae
603 2321 699 2379 natis
727 2322 845 2397 poetis
872 2323 1004 2400 pingue
1034 2321 1203 2397 quiddam

187 2409 409 2471 sonantibus.

253 2499 297 2557 De
320 2499 475 2559 versiculis
503 2517 557 2557 nec
580 2499 699 2576 egregio
722 2499 805 2557 cultu
833 2517 886 2558 nec
909 2517 1034 2558 amoena
1056 2501 1245 2560 varietatene

186 2607 240 2647 nec
263 2588 461 2648 eminentibus
483 2586 587 2666 figmis
609 2605 730 2646 carmen
752 2589 939 2648 instructum.

100 2687 176 2748 627.
253 2679 420 2739 Decimus
446 2676 589 2753 quidem
611 2675 753 2735 Brutus.

252 2766 310 2826 Hic
345 2767 457 2826 Brutus
494 2764 651 2824 Gallaecos
687 2767 747 2824 fuit
783 2768 978 2843 cognomento
1015 2766 1052 2826 ob
1088 2786 1134 2826 res
1171 2768 1204 2828 in

184 2854 332 2930 Hispania
358 2875 419 2916 non
445 2857 545 2914 minus
567 2856 686 2914 strenue
709 2872 799 2930 quam
827 2855 954 2914 feliciter
976 2858 1084 2933 gestas.
1130 2855 1203 2916 Eius

253 2995 286 3044 14
304 2990 421 3044 Aristot.
440 2989 484 3043 ed.
504 2988 622 3043 Belrker.
641 2988 695 3042 vol.
714 2989 740 3043 V
757 2987 791 3042 fr.
809 2994 860 3042 626
880 2994 1025 3058 p1584a.

253 3066 350 3131 29sgg.
366 3060 437 3116 Vell.
456 3060 482 3114 Π
501 3067 525 3114 b.
559 3059 616 3114 Liv.
631 3076 689 3128 per.
705 3059 774 3114 LVI.
802 3058 879 3115 Oros.
895 3060 920 3114 V
935 3065 959 3129 5,
975 3066 1008 3115 1a
1023 3063 1068 3131 (ecc
1081 3059 1202 3129 Irioiol).

253 3184 510 3254 aepportunan
581 3185 901 3252 AcoguomentuumO
970 3185 1203 3241 8adiudicaudo

188 3257 251 3311 Ome
271 3256 435 3310 adducendo
455 3255 494 3310 Or
570 3261 603 3308 12
628 3255 733 3311 dicio
805 3261 838 3309 14
862 3255 912 3309 elii
936 3259 1035 3314 uosO
1111 3262 1145 3311 18
1168 3256 1203 3311 iis

186 3326 263 3380 codd.
280 3327 334 3382 Oic.
389 3330 450 3382 tum
468 3333 532 3381 oute
551 3325 692 3380 vendebat
702 3335 814 3395 ponuat
830 3328 907 3382 codd.
919 3329 974 3384 Cic.
1015 3329 1112 3383 iubere
1126 3329 1203 3384 codd.

187 3397 242 3452 cie.
314 3402 347 3451 19
370 3397 511 3466 praetium
531 3397 553 3452 0
573 3397 696 3466 pretium
719 3415 762 3452 mo
785 3397 942 3467 praemium
964 3401 1040 3455 codd.
1061 3398 1116 3455 (lic.

187 3473 221 3520 23
239 3466 417 3536 pinguemO
487 3475 521 3522 25
540 3468 576 3522 de
596 3469 660 3524 Ome
678 3468 707 3521 id
727 3471 771 3524 est
789 3469 821 3525 St
892 3475 925 3523 26
945 3473 1084 3525 structum
1101 3471 1133 3526 St

187 3577 222 3624 ue
241 3576 388 3642 segmento
408 3575 432 3630 c
508 3579 542 3628 ae
562 3541 812 3632 assuescens
