2670 3876
168 143 211 207 22
418 141 458 195 IN
481 141 643 196 CLODIUM
666 141 712 195 ΕΤ
736 141 933 197 CURIONEM.

59 303 151 372 Frgm,
234 310 283 370 Ac
306 311 456 370 furiosis
480 309 711 369 contionibus
733 311 925 369 indixerat.

234 397 407 475 Opportune
431 401 461 457 et
484 400 593 458 acriter
619 400 795 458 furiosum
819 397 956 457 (llodium
979 399 1065 472 dicit,
1095 402 1130 457 ut
1152 401 1185 457 in

168 508 235 547 eum
245 489 374 564 suspicio
389 489 547 546 conveniat
557 489 672 562 incesti,
682 489 765 547 cuius
775 489 929 566 ingenium
937 488 1037 546 furore
1046 489 1183 548 iactetur.

58 568 150 636 Frgm.
233 575 332 644 Quod
354 576 461 636 simul
485 575 527 635 ab
547 595 585 635 eo
605 577 694 635 mihi
713 579 748 635 et
770 578 823 635 rei
841 596 869 652 p.
888 575 1183 636 denuntiabatur.

85 639 123 692 ΠΙ
234 665 274 724 ct
284 684 354 724 suae
364 665 508 742 dignitati
521 665 684 740 plurimum
693 666 776 724 dedit
790 668 820 724 et
830 663 967 724 (llodium
980 666 1183 724 vehementius
1212 684 1225 725 5

166 755 333 829 accusavit,
356 772 426 812 nam
450 754 564 832 gloriae
584 752 733 814 Ciceronis
757 754 880 828 accedit,
905 754 984 830 quod
1006 753 1124 832 seiungi
1147 753 1183 812 ab

164 861 197 901 re
221 863 249 919 p.
272 861 333 901 non
355 845 467 919 potest,
494 843 627 902 invidiae
651 846 751 903 autem
774 843 806 901 P.
831 841 929 902 Clodii
956 843 1130 917 adstruitur,
1158 842 1184 902 si

166 931 263 991 odisse
285 931 424 990 videatur
445 933 478 989 in
502 929 642 990 Cicerone
665 950 728 990 rem
751 952 779 1008 p.

57 1009 173 1078 Frgm..
232 1021 335 1078 Nihil
358 1040 409 1078 me
433 1020 562 1079 addere
586 1020 629 1078 ad
652 1021 805 1080 alterius
829 1021 1039 1096 periculum.

233 1108 313 1168 Satis
341 1111 418 1186 agit,
446 1111 481 1166 ut
506 1111 539 1167 in
567 1108 691 1167 dicendo
713 1110 886 1168 testimonio
909 1128 970 1168 non
997 1111 1183 1168 existimetur
1197 1129 1224 1169 ro

166 1215 228 1256 csse
250 1199 402 1256 mentitus.

57 1275 94 1328 Fr
145 1318 149 1328 ·
234 1284 296 1343 Sin
320 1287 413 1345 esset
436 1285 637 1345 iudicatum
660 1304 729 1345 non
752 1286 871 1344 videri
893 1287 1009 1345 virum
1028 1289 1182 1360 venisse,

169 1393 236 1449 quo
258 1375 329 1433 iste
352 1375 521 1434 venisset.

230 1461 409 1522 Amaritudo
424 1464 571 1522 stomachi
585 1466 630 1523 cst
643 1465 675 1522 in
684 1459 745 1522 'hac
758 1465 916 1538 sententia,
934 1482 993 1539 qua
1007 1465 1182 1542 perstringit

164 1570 260 1611 mores
270 1552 302 1610 P.
310 1550 395 1611 clodi
409 1553 523 1612 scilieet
536 1553 692 1629 inpudicos
706 1555 750 1612 ita
760 1553 899 1612 dicendo:
912 1553 1182 1612 conciderioircon
1197 1571 1223 1612 rs

163 1642 288 1709 vecisse,
316 1658 371 1715 qao
393 1643 447 1700 istc
469 1643 604 1710 cepisset,
633 1644 718 1716 quasi
745 1642 800 1701 hoc
827 1642 1101 1718 pronuntiaverint,
1131 1642 1183 1716 qui

165 1749 232 1788 eum
251 1730 406 1789 sententiis
425 1731 485 1789 suis
508 1729 719 1804 liberaverunt,
743 1750 803 1789 non
821 1733 856 1789 ut
873 1733 1020 1789 incestum
1039 1729 1096 1789 sibi
1115 1749 1182 1806 pro-

165 1817 231 1876 bari
254 1838 314 1878 non
337 1819 468 1895 potuisse
492 1819 632 1892 dicerent,
656 1819 707 1878 sed
729 1822 764 1877 ut
786 1821 885 1896 ipsum
908 1821 1007 1878 vimm
1029 1821 1182 1896 negarent.

57 1894 150 2020 Frglm·
232 1907 279 1966 Ut
314 1908 378 1965 ille
410 1907 547 1966 iudicio
580 1910 762 1982 tamquam
794 1926 810 1966 e
842 1908 1035 1986 naufragio
1067 1907 1182 1966 nudus

167 1997 321 2054 emersit.
1196 2014 1223 2054 ao

230 2079 336 2162 <Hoo>
368 2086 401 2142 in
436 2085 501 2144 loco
539 2087 569 2143 et
599 2085 733 2161 ipsorum
764 2084 897 2142 iudicum
928 2086 1105 2162 perstringit
1136 2085 1181 2142 in-

60 2183 65 2196 ¹
163 2175 296 2247 famiam,
320 2191 446 2248 quorum
469 2175 623 2232 sententiis
647 2174 746 2232 fuerat
769 2171 930 2233 absolutus
967 2174 1047 2231 Nam
1069 2174 1182 2249 partim

163 2265 282 2321 trecena
305 2262 415 2336 millia,
438 2264 550 2338 partim
573 2281 656 2336 vero,
679 2262 840 2322 secundum
865 2263 1020 2337 opiniones
1044 2263 1181 2335 aliorum,

165 2352 370 2428 quadringena
393 2353 540 2427 accepisse
564 2351 710 2409 dicuntur.

56 2430 148 2499 Frgm.
232 2440 373 2516 Syriam
396 2439 466 2499 sibi
493 2458 555 2498 nos
580 2442 681 2498 extra
705 2439 865 2497 ordinem
887 2439 1068 2514 polliceri.
1196 2455 1221 2496 as

230 2529 367 2588 Diximus
386 2531 418 2586 in
438 2531 613 2606 argmnento
631 2547 685 2604 per
702 2528 779 2586 illud
796 2530 914 2603 tempus
934 2526 1071 2587 (llodium
1090 2529 1181 2588 fuisse

165 2621 360 2692 quaestorem.
396 2613 536 2694 'Opimas
572 2619 667 2695 igitur
707 2618 877 2692 provincias
914 2616 1074 2692 cupiditati
1110 2635 1181 2676 suae

163 2707 366 2765 blandientem
390 2706 464 2765 dicit
485 2708 518 2764 in
542 2707 641 2764 animo
665 2704 812 2779 habuisse,
836 2707 922 2780 quasi
940 2705 996 2763 hoc
1015 2704 1052 2763 ab
1076 2708 1181 2764 senatu

164 2797 304 2870 consequi
327 2798 435 2870 posset,
459 2795 539 2870 qnod
561 2796 624 2870 ipse
643 2796 817 2870 rapinarum
835 2794 1030 2853 meditatione
1049 2796 1180 2871 gestiret.

56 2873 148 2941 ngm·
232 2881 484 2943 Oreditoribus
517 2885 590 2943 suis
623 2901 719 2957 spem
752 2885 937 2942 ostentare
969 2884 1181 2957 provinciae
1196 2899 1223 2939 ao

164 2973 359 3032 videretur.

231 3062 271 3120 Et
294 3062 517 3120 defaeneratum
539 3061 646 3119 bacin
668 3062 754 3135 parte
779 3058 936 3138 siguificat.

232 3218 265 3266 ce
284 3211 339 3267 oid.
360 3218 459 3279 21,13.

233 3372 469 3440 lopportunceO
529 3370 831 3425 ddenunticbanturO
892 3370 1139 3439 ἵΙΝΙΙΙΙΙΙΝῑΙΙδΙὰΕ

166 3443 325 3497 sedereo
391 3447 423 3494 13
443 3460 527 3511 quom
546 3443 633 3496 Halm
653 3443 758 3496 Malles
830 3447 863 3495 16
881 3441 1140 3509 pronuntiaverit&

167 3520 199 3568 19
219 3513 269 3567 illo
288 3529 303 3566 c
324 3515 428 3567 Metller
509 3521 542 3566 21
563 3513 659 3585 (hoc)
678 3513 803 3567 Niebuhr
820 3528 864 3566 mo
883 3512 980 3584 (isto)
1000 3513 1031 3566 st
