2664 3886
169 216 211 280 70
565 212 637 272 PRO
659 217 799 272 MHrONE

233 385 457 444 Decernebat
479 386 584 460 enim,
611 385 651 444 ut
672 385 856 446 veteribus
879 379 1080 464 (legibus),
1103 385 1182 444 tan·

166 476 240 533 tum
281 473 381 533 modo
423 477 524 533 extra
559 475 718 534 ordinem
755 476 996 550 quaereretur.
1056 474 1182 533 Divisa

165 564 349 622 sententia
372 565 425 622 est
447 563 656 640 postulante
679 565 798 623 nescio
822 582 898 639 quo.

233 651 340 712 Sensus
363 652 412 711 hic
434 655 466 710 in
489 652 668 713 obscuritate
692 655 749 728 est3
774 653 850 711 illud
873 653 953 712 enim
974 653 1006 710 in
1028 652 1181 728 proposito

164 740 255 799 habet
291 740 406 801 Tullius
442 741 546 800 docere
582 742 619 801 ab
651 744 758 801 senatu
789 742 866 800 nihil
901 743 1005 801 contra
1039 740 1182 800 Milonem
1209 759 1221 800 c

74 831 77 841 '
164 831 312 888 statutum
331 833 361 888 et
378 832 474 906 primo
493 830 613 906 quidem
631 831 676 890 ita
694 832 866 908 conceptam
884 831 975 890 fuisse
994 829 1181 901 sententiam,

164 920 200 977 ut
222 918 258 977 de
280 919 334 978 illa
358 919 446 978 caede
468 920 617 980 veteribus
639 920 754 998 legibus
776 923 859 979 extra
877 919 1010 978 ordinem
1028 937 1182 994 quaerere-

164 1009 222 1081 tur,
241 1007 326 1067 sede
345 1007 461 1068 diverso
480 1010 612 1068 extitisse
631 1010 732 1084 alium,
753 1010 807 1085 qui
825 1008 1039 1068 contradiceret
1060 1039 1098 1050 -
1119 1009 1182 1066 sive

164 1095 282 1155 Fufium
301 1095 443 1156 Calenum
461 1099 523 1155 sive
546 1098 623 1157 alius
642 1098 694 1156 ille
712 1098 812 1172 fuerit,
834 1097 999 1156 videbimus
1018 1127 1062 1138 —·
1079 1099 1180 1172 postu-

163 1185 313 1260 laretque,
340 1188 375 1243 ut
401 1187 566 1245 sententiae
589 1185 696 1245 divisio
721 1186 811 1246 fieret.
856 1186 921 1245 Hoc
944 1188 1044 1245 autem
1067 1185 1182 1244 solebat
1196 1209 1224 1249 ro

164 1272 310 1347 accidere,
342 1292 410 1333 oum
441 1274 597 1334 videbatur
629 1276 737 1350 aliquus
768 1294 822 1351 per
853 1277 985 1335 saturam
1015 1274 1051 1334 de
1077 1275 1180 1334 multis

163 1360 250 1421 rebus
273 1379 363 1421 unam
390 1365 569 1423 sententiam
595 1363 717 1439 dixiss03
747 1367 777 1423 et
803 1364 932 1423 habebat
958 1382 1181 1439 nonnumquam

164 1451 285 1510 conexio
303 1451 473 1512 huiusmodi
490 1472 589 1513 rerum
612 1454 775 1514 multarum
795 1452 1000 1512 fraudulentas
1020 1455 1181 1529 captiones,

163 1541 199 1598 ut
220 1539 307 1599 rebus
330 1543 432 1616 aequis
455 1560 501 1602 res
523 1542 676 1618 improbae
698 1544 892 1602 miscerentur
919 1545 1009 1618 atque
1030 1543 1075 1601 ita
1096 1541 1181 1600 blan·

164 1629 302 1688 dimentis
326 1630 503 1706 quibusdam
532 1632 706 1709 obreperent
733 1632 772 1691 ed
793 1631 955 1708 optinenda
982 1650 1029 1705 ea,
1056 1649 1133 1706 quae
1156 1631 1183 1690 si
1195 1652 1222 1695 1⁵

162 1737 216 1794 per
252 1736 282 1778 se
319 1721 510 1798 singulariter
549 1723 796 1797 proponerentur,
837 1721 992 1798 displicere
1032 1719 1180 1779 deberent.

163 1807 396 1868 Desiderebatur
417 1810 529 1884 itaque,
551 1812 586 1868 ut
608 1809 691 1869 fieret
713 1812 877 1870 sententiae
899 1810 1020 1883 divisio,
1049 1809 1105 1867 hoc
1127 1811 1180 1881 est,

163 1899 198 1954 ut
225 1897 261 1955 de
288 1898 426 1973 singulis,
458 1915 517 1956 non
545 1898 579 1956 dc
606 1898 740 1974 pluribus
768 1918 828 1958 una
855 1900 1003 1958 sententia
1025 1898 1180 1958 diceretur.

163 1986 204 2044 Et
226 1986 281 2044 illa
302 2004 372 2064 ergo
395 1987 550 2061 sententia,
573 2005 649 2062 quae
667 1982 746 2066 <de>
768 2006 857 2047 causa
879 1988 998 2046 Milonis
1021 1987 1181 2060 ferebatur,

164 2074 249 2148 quasi
276 2092 336 2133 non
363 2077 428 2133 erat
454 2075 592 2150 simplex;
623 2095 693 2134 nam
720 2075 778 2134 duo
806 2075 1058 2152 conplectebatur:
1090 2078 1125 2133 ut
1151 2078 1182 2134 et
1195 2097 1223 2138 so

163 2162 311 2222 veteribus
333 2163 449 2241 legibus
471 2165 501 2222 ct
519 2166 602 2222 extra
624 2165 757 2223 ordinem
780 2168 979 2240 quaereretur.
1014 2164 1094 2223 Huic
1116 2183 1181 2224 sen·

162 2253 275 2310 tentiae
303 2252 376 2311 dicit
397 2251 436 2310 M.
456 2253 572 2311 Tullius
599 2254 791 2314 intercessum
814 2257 904 2330 atque
926 2255 970 2313 ita
993 2255 1119 2329 factum,
1147 2257 1181 2312 ut

163 2342 246 2398 extra
270 2341 402 2400 ordinem
423 2341 542 2416 quidem
561 2346 761 2418 quaereretur,
783 2345 961 2403 nontamen
979 2345 1106 2418 vetusta,
1129 2343 1181 2402 sed

163 2436 242 2488 nova
268 2429 333 2508 lege
355 2430 504 2506 Pompeia.
550 2430 609 2490 Pro
631 2433 742 2492 Milone
770 2434 869 2492 autem
897 2432 1001 2491 obnixe
1031 2432 1181 2492 laborasse

165 2515 197 2586 Q.
212 2517 388 2578 Hortensius
411 2519 576 2578 videbatur.
1194 2541 1221 2582 ss

233 2657 249 2705 9
268 2652 368 2706 Ascon.
388 2653 476 2722 (adh.
492 2654 522 2724 l.)
542 2660 584 2722 39,
600 2661 632 2708 14
656 2670 690 2708 ex
703 2655 794 2708 Actis:
817 2654 974 2708 invenimus
993 2653 1109 2720 Fufium,
1130 2655 1179 2723 qui

167 2723 274 2777 diceret
293 2723 427 2778 ‘Divide’.
674 2779 677 2786 ,

233 2800 267 2847 25
285 2794 387 2849 Ascon.
398 2796 445 2864 (ad
458 2796 485 2850 h.
496 2795 527 2865 l.)
542 2801 584 2862 39,
600 2802 632 2850 10
647 2813 681 2850 ex
689 2797 781 2850 Actis:
797 2813 860 2850 cnm
874 2796 1038 2851 Hortensius
1053 2796 1179 2863 dixisset,

166 2867 200 2918 ut
218 2867 297 2919 extra
315 2867 443 2921 ordinem
462 2869 642 2934 quaereretur
811 2900 815 2906 -

231 2974 400 3079 rubente·
456 3025 611 3152 degibus?
625 3027 767 3083 caduca.
836 3026 975 3083 lillutC'
1040 3027 1180 3082 esurum

164 3096 316 3151 Caelenum
335 3097 413 3164 Orno,
436 3114 504 3152 corr.
521 3097 559 3152 Or

164 3221 188 3274 0
258 3227 291 3274 14
320 3170 534 3279 ulscenesrun
613 3228 645 3275 15
671 3222 818 3291 obreperet
840 3238 883 3277 mo
941 3210 1011 3279 ΘΠ
1097 3230 1129 3278 18
1153 3225 1177 3279 bl

163 3347 360 3417 cessemus
451 3369 483 3417 19
512 3363 590 3436 <u0>
609 3364 642 3419 st
727 3369 760 3418 20
789 3293 1108 3421 contudimus

163 3491 197 3538 23
212 3432 463 3557 TanM'TuSTn
479 3503 535 3559 epo,
554 3503 719 3557 qseumquom
733 3494 816 3544 uuna
830 3503 864 3542 en
879 3488 1005 3544 additum
1019 3489 1086 3556 cidi,
1104 3506 1180 3545 nuuc

162 3610 234 3663 nibet
247 3610 399 3679 perspicere
414 3627 525 3680 possum
603 3618 636 3666 24
660 3561 833 3674 OBNthG

604 3099 675 3151 ufius
694 3098 812 3154 Calenus
831 3098 873 3169 Zp
959 3103 992 3152 13
1011 3098 1179 3155 huiusmodo
