2670 3876
600 234 615 294 s
635 229 748 284 25432.
1135 228 1176 293 15

161 397 267 456 intulit
300 441 364 471 ...,
396 399 525 456 occurrit
552 397 708 458 vehemens
741 400 771 456 et
803 397 841 456 ad
873 415 993 458 causam
1019 397 1051 456 P.
1076 397 1177 475 Syllae

163 485 322 546 salubriter
362 487 513 561 pertinens
554 488 659 546 virtus.
726 486 806 546 Nam
847 504 915 545 cum
954 487 986 545 in
1026 489 1177 562 praesenti

163 577 349 635 exsecutione
366 577 494 635 testetur
512 577 650 635 extinctis
667 577 730 634 iam
750 576 887 652 plurimis
908 574 1042 636 hostibus
1061 577 1178 651 patriae

163 682 316 741 superesse
352 666 453 723 tamen
488 664 733 740 innumerabiles,
773 666 826 740 qui
862 664 919 724 sibi
957 683 1063 724 nocere
1099 667 1177 724 votis

137 751 336 812 sarientibus
353 755 484 830 cupiant,
502 754 559 812 hoc
572 755 636 813 sine
655 752 746 813 dubio
763 755 909 829 relinquit
925 754 1058 813 iudicum
1075 755 1177 813 tacitis

164 841 405 921 cogitationibus,
430 861 593 918 numquam
617 861 647 902 se
671 843 710 902 ad
733 841 949 902 defendendum
973 842 1088 918 Syllam
1110 862 1178 918 pro-

163 951 312 991 oessmum
353 932 457 1006 fnisse,
493 933 520 990 si
560 951 628 990 eum
659 933 707 992 vel
743 934 828 990 tenui
864 933 965 1008 aliquo
1003 933 1178 1010 argumento

163 1022 287 1080 sensisse
310 1039 378 1080 curn
404 1019 539 1080 hostibus
561 1020 611 1080 'rei
637 1041 665 1098 p.
690 1023 903 1097 suspicaretur,
931 1023 979 1080 cui
1002 1019 1178 1080 minuendus

164 1112 240 1169 esset
262 1110 344 1170 illius
367 1111 582 1170 coniurationis
604 1128 758 1186 numerus,
785 1130 823 1170 ne
845 1111 944 1186 plures
971 1113 1004 1170 in
1026 1112 1178 1186 posterum

16 1210 17 1226 ¹
125 1217 149 1258 10
163 1198 221 1258 sibi
243 1202 373 1258 reservet
395 1200 540 1258 inimicos.

226 1285 325 1356 Quod
343 1307 420 1347 cum
436 1290 468 1346 is
486 1287 655 1348 tribunus
673 1290 718 1364 pl.
733 1289 833 1364 fucit,
849 1291 910 1364 qui
926 1307 1016 1349 unus
1032 1289 1178 1348 videtur
1196 1293 1211 1354 ξ
1231 1292 1272 1341 31.

165 1396 204 1436 ex
228 1369 311 1436 illis
339 1376 383 1436 ad
409 1377 583 1456 lugendos
611 1380 820 1438 coniuratos
848 1379 1014 1453 relictus,
1043 1379 1178 1436 nemini

164 1467 290 1525 mirum
313 1468 380 1541 est3
408 1466 569 1525 difficile
592 1469 647 1526 est
669 1468 763 1525 enim
785 1468 920 1542 tacere,
947 1486 1023 1526 cum
1046 1466 1176 1526 doleas.

17 1623 18 1626 Ἴ
230 1553 398 1614 Insectatur
425 1555 541 1614 insidia
567 1557 680 1614 maiore
703 1555 889 1630 Torquatum
916 1557 960 1630 et,
987 1574 1055 1615 curn
1077 1557 1118 1614 sit
1140 1555 1177 1615 ab

15 1697 18 1700 .
125 1662 150 1702 rs
164 1645 217 1703 illo
244 1645 310 1720 ipse
335 1645 529 1719 reprehensus
562 1646 648 1720 quasi
674 1645 791 1703 mutato
818 1645 972 1720 proposito
1004 1645 1178 1718 voluntatis,

165 1734 217 1808 qui
232 1730 380 1792 Catilinae
396 1735 577 1809 oppresserit
590 1735 835 1808 comisationem,
853 1735 912 1792 reis
926 1735 1027 1792 tamen
1046 1733 1179 1792 eiusdem

164 1823 297 1882 criminis
319 1824 533 1898 patrocinetur,
555 1841 642 1882 versa
665 1821 882 1898 quodammodo
905 1823 971 1882 vioe
988 1823 1087 1898 ipsum
1106 1821 1179 1880 Tor·

165 1912 289 1986 quatum
313 1913 399 1986 quasi
426 1911 609 1971 defensorem
632 1913 847 1972 coniurationis
873 1912 1030 1972 insimulat
1053 1913 1084 1971 et
1105 1911 1179 1971 dicit

164 2001 280 2059 imitari
306 2018 375 2058 eum
406 2000 560 2060 tribunum
586 2001 641 2077 pl,
674 2002 727 2076 qui
757 2001 880 2061 moleste
909 2019 1020 2077 poenas
1047 2001 1179 2060 hostium

12 2153 16 2160 ,
124 2106 151 2147 so
164 2087 351 2165 publicorum
391 2090 478 2149 ferat.
542 2089 699 2168 Significat
738 2089 878 2150 videlicet
913 2090 946 2148 L.
984 2088 1179 2167 Calpurnium

164 2179 297 2238 Bestiam
307 2180 413 2238 sive—
421 2198 492 2238 nam
502 2180 533 2237 et
545 2179 601 2238 hoc
610 2180 756 2254 suspicari
769 2197 925 2255 possumus
937 2211 972 2220 «-
985 2178 1179 2249 Q.Metellum

164 2267 319 2343 Nepotem.
369 2267 442 2328 Post
473 2267 553 2343 quod
582 2269 750 2344 exemplum
855 2270 888 2328 in
914 2268 972 2328 fine
1000 2270 1179 2328 sententiam

164 2357 277 2432 posuit,
310 2357 390 2432 quod
422 2375 513 2436 genus
545 2358 577 2426 in
601 2357 748 2416 Tullianis
781 2357 966 2417 orationibus
997 2377 1098 2418 rarum
1125 2359 1177 2417 est.

164 2445 297 2518 Difficile
328 2449 382 2515 cst,
417 2447 531 2521 inquit,
567 2451 673 2515 tacere
710 2464 775 2506 cum
806 2447 913 2506 doleas.
970 2446 1063 2506 Dolor
1099 2448 1179 2506 enim

125 2550 151 2592 ss
166 2533 342 2608 quibusdam
382 2533 540 2594 tormentis
576 2536 670 2594 animi
709 2534 874 2596 laborantis
915 2535 1023 2596 effusus
1059 2534 1099 2593 ad
1133 2537 1178 2593 in-

165 2623 344 2698 patientiam
367 2625 448 2684 vocis
472 2623 610 2700 erumpit.

232 2709 299 2780 Qui
325 2713 447 2772 filium
474 2731 574 2772 suurn
602 2714 680 2772 vita
706 2714 883 2789 privavit,
910 2715 949 2772 ut
976 2714 1012 2771 in
1040 2714 1178 2772 ceteros
1198 2714 1213 2775 ἕ
1233 2714 1274 2765 32,

165 2801 332 2860 firmaret
353 2803 551 2879 imperium.

232 2888 277 2948 De
295 2891 413 2950 familia
431 2891 578 2967 Torquati
599 2893 755 2953 mutuatur
772 2892 948 2967 exemplum,
972 2909 1030 2966 quo
1049 2890 1178 2950 validius

125 2995 152 3036 ro
166 2977 206 3037 ad
227 2997 401 3039 eonsensum
417 2980 612 3059 redigeretur,
634 2980 799 3057 puniendos
818 2979 855 3040 ab
872 2999 905 3039 re
923 2999 952 3056 p.
970 2981 1062 3038 fuisse
1080 2979 1179 3038 hostes

166 3068 248 3126 intra
269 3071 388 3128 moenia
410 3069 615 3145 deprehensos,
639 3088 706 3129 oum
729 3088 783 3144 per
804 3070 974 3133 contextum
997 3070 1045 3128 sui
1063 3070 1178 3146 generis

166 3157 371 3216 recordaretur
393 3160 539 3234 extitisse,
568 3160 620 3235 qui
646 3157 742 3217 filium
765 3159 863 3235 capite
886 3159 1013 3234 puniret.
1059 3156 1100 3216 Et
1122 3158 1177 3217 hoc

165 3277 379 3286 *—

234 3331 248 3378 1
260 3325 309 3381 lue.
320 3331 435 3384 3cm.=
446 3332 463 3384 7
473 3329 523 3383 litt.
542 3329 737 3396 παραεκευήν2
811 3334 844 3382 10
852 3328 992 3384 reserato
1024 3328 1179 3382 reservaret

166 3412 217 3464 mo,
231 3412 299 3452 corr.
310 3397 342 3454 St
404 3405 437 3452 11
456 3399 585 3454 tribunus
602 3400 678 3455 codd.
690 3401 744 3456 Cic.
758 3399 886 3454 tribunos
902 3399 965 3455 Orno
1038 3405 1071 3453 19
1089 3397 1178 3452 bomi-

166 3485 234 3522 num
249 3468 322 3537 Cmo,
335 3485 402 3525 corr.
421 3471 459 3527 Or
540 3478 573 3524 22
589 3472 638 3526 loc.
652 3476 671 3526 4
684 3487 777 3526 cra=
793 3475 828 3526 10
842 3473 892 3526 litt.
908 3473 963 3526 ἀπὸ
978 3476 1073 3525 κοινοῦ
1087 3470 1177 3538 suppl.

167 3539 208 3609 Zp
222 3541 409 3608 ἑπιφώνημα2
463 3547 497 3595 30
512 3541 548 3595 ad
560 3542 583 3597 0
595 3558 673 3610 amo,
682 3558 749 3598 corr.
761 3543 793 3598 St
846 3547 878 3596 31
890 3541 1130 3612 depraehensosO

167 3615 201 3663 32
216 3611 379 3666 recordatur
394 3613 417 3668 0
432 3612 593 3668 recordetur
610 3630 666 3684 mo,
684 3630 751 3669 corr.
765 3613 798 3670 st
