2664 3886
358 197 430 253 sac
455 173 577 252 sassie
600 195 869 252 ascensurum
903 201 961 262 ss.
1032 206 1037 218 ³
1124 195 1167 259 83

152 388 206 444 par
229 369 407 444 qualitatem
430 368 538 443 speciei
561 367 688 442 duplicis
827 365 906 423 Nam
929 364 1088 423 relativum
1111 364 1167 424 hoc

153 459 223 531 erit,
268 458 346 517 iuste
392 458 422 515 et
466 456 572 514 merito
613 455 751 516 habuisse
793 455 977 513 armatorum
1017 453 1166 528 praesidia

152 546 185 605 P.
210 546 352 620 Sestium,
389 547 423 605 nt
456 543 614 604 Clodianos
650 545 779 620 impetus
812 541 849 602 ab
881 543 936 602 ills
968 542 1166 616 dimicatione,

152 655 243 712 quam
274 635 371 694 facere
402 637 553 711 coeperat,
585 633 787 708 submoveret3
818 631 894 689 illud
926 650 996 690 vero
1028 630 1067 689 ad
1098 649 1166 690 con-

125 725 359 800 spensaticnem
381 724 521 797 refertur,
544 742 598 800 pro
621 722 699 781 bona
718 739 808 781 causa
826 722 857 780 et
878 721 923 780 rei
945 740 973 795 p.
992 721 1165 795 necessaria,

153 814 271 872 etiamsi
302 814 432 872 armatos
463 812 613 887 habuerit,
648 812 820 887 inpunitum
851 827 913 869 esse
946 808 1063 882 debere,
1100 827 1166 867 cum

151 901 226 961 beno
248 903 389 961 meritum
411 901 447 960 de
470 901 566 962 salute
589 901 706 976 patriae
729 901 824 959 civem
850 899 969 958 restitui
992 897 1083 956 vellet
1105 916 1165 956 om-

152 993 236 1049 nium
272 991 391 1050 favente
427 1008 579 1050 consensu.
638 989 724 1048 Hanc
740 989 850 1066 'igitur
886 986 1010 1046 eandem
1046 1004 1166 1046 causam

151 1080 274 1156 plurimi
292 1079 497 1154 defenderunt,
515 1081 547 1137 in
566 1080 632 1154 quis
651 1078 711 1136 fuit
729 1075 761 1146 Q.
776 1077 964 1151 Hortensius,
982 1075 1020 1133 M.
1035 1073 1165 1150 Crassus,

111 1168 184 1230 1011.
207 1167 340 1228 Licinius
365 1166 473 1228 Calvus
500 1167 636 1244 partibus
663 1168 742 1226 inter
769 1185 800 1225 se
824 1165 1004 1241 distributis,
1033 1183 1106 1240 quas
1133 1166 1166 1223 in

151 1258 266 1336 agendo
291 1259 453 1316 tuerentur.
489 1257 596 1333 Itaque
619 1256 735 1316 Tullius
759 1275 794 1315 ea
816 1256 981 1332 peroravit,
1009 1252 1165 1330 quaesibi

151 1347 270 1406 fuerant
298 1345 472 1423 explicanda
499 1365 566 1420 nec,
593 1348 628 1404 ut
649 1346 783 1421 plerique
806 1345 945 1403 arbitrati
972 1345 1054 1418 sunt,
1083 1345 1166 1408 extra

151 1454 272 1496 oausam
285 1431 425 1514 uagatus
454 1437 506 1494 est.
558 1433 699 1502 Quamvis
727 1435 807 1492 enim
834 1435 961 1492 sciamus
1069 1431 1165 1489 multa

152 1523 322 1585 Ciceronem
349 1523 397 1584 vel
429 1525 542 1582 iratum
570 1524 618 1582 vel
650 1522 798 1582 dolentem
826 1522 861 1580 de
889 1520 1075 1598 passionibus
1104 1521 1164 1579 suis

111 1636 137 1676 15
151 1615 232 1673 ultra
253 1633 347 1690 paene
370 1632 461 1688 quam
482 1631 529 1671 res
552 1613 686 1688 posceret
709 1629 887 1688 exaggerare
911 1609 1040 1683 solitum,
1063 1611 1165 1668 tamen

151 1703 231 1780 quod
266 1703 314 1762 hic
350 1702 467 1778 prolixa
500 1701 628 1776 quadam
659 1700 909 1759 turbulentissimi
940 1699 1082 1774 temporis
1116 1697 1164 1756 de-

150 1794 310 1869 scriptione
344 1792 473 1850 multum
508 1791 668 1849 uoluminis
705 1792 843 1865 occupat,
879 1807 939 1846 non
976 1787 1165 1846 mediocriter

150 1881 269 1941 videtur
287 1880 326 1939 ad
347 1895 487 1958 praesens
506 1879 659 1957 negotium
677 1879 833 1954 pertinere.
870 1874 1076 1937 Ostendendae
1095 1878 1165 1934 sunt

151 1972 230 2029 enim
256 1969 288 2028 P.
319 1968 417 2030 Clodii
443 1968 602 2028 seditiosae
634 1967 880 2042 turbulentaeque
907 1966 989 2024 illius
1022 1965 1164 2039 temporis

110 2083 137 2122 so
151 2060 281 2119 actiones
312 2061 342 2118 et
368 2059 509 2132 iniuriae,
537 2075 611 2133 quas
643 2059 707 2132 ipse
732 2054 832 2115 Cicero
865 2072 1021 2131 perpessus
1054 2055 1107 2127 sit,
1135 2055 1165 2112 ct
1205 2073 1207 2078 ·
1234 2075 1236 2079 ⁷

150 2149 310 2223 utilitates,
341 2166 414 2223 quas
437 2149 469 2204 in
492 2145 574 2206 illius
601 2147 790 2205 restitutione
813 2145 913 2222 patria
935 2144 1093 2204 consecuta
1116 2143 1164 2216 sit,

150 2239 185 2296 ut
206 2239 285 2296 recte
308 2253 342 2294 ao
364 2236 529 2295 necessario
551 2234 583 2293 P.
608 2233 721 2294 Sestius
750 2237 879 2294 armatos
902 2233 1041 2292 habuisse
1064 2230 1163 2290 videa·

150 2329 200 2384 tur
217 2320 294 2404 (ac)
316 2328 474 2401 propterea
496 2326 537 2384 sit
558 2325 686 2384 maxime
709 2325 873 2400 praesentis
892 2323 1025 2382 oriminis
1048 2320 1164 2380 invidio

150 2415 329 2473 liberandus.
388 2414 485 2473 Multa
518 2413 638 2489 quidem
671 2414 705 2470 in
728 2413 871 2483 orationis
909 2429 996 2470 cursu
1033 2412 1163 2486 praeter-

110 2527 136 2566 ss
150 2506 316 2578 mittemus,
339 2521 414 2578 quac
437 2504 559 2578 propter
581 2501 809 2561 similitudinem
832 2518 938 2560 causae
961 2501 994 2558 in
1017 2517 1163 2558 commen·

150 2595 228 2653 tario
246 2610 408 2669 proxumae
427 2591 570 2652 cratonis
590 2590 785 2649 ostendimus:
808 2608 877 2668 ergo
896 2608 933 2647 ne
952 2588 1163 2663 expectaveris,
1248 2603 1252 2614 ’

150 2685 194 2756 ut,
218 2681 313 2742 sicubi
335 2680 483 2754 inciderit,
507 2678 609 2738 eadem
631 2695 737 2737 rursus
756 2680 904 2737 iteremus.

478 2793 608 2868 (Dauos
629 2794 672 2851 II
685 2792 838 2869 popinae.)

301 2913 410 2988 facere,
443 2929 533 2988 quem
565 2910 728 2985 separatim
760 2908 818 2968 sibi
849 2907 1061 2984 depoposcerat
1097 2925 1160 2964 exe·
1180 2908 1195 2968 ἕ
1216 2907 1239 2956 5·

110 3023 136 3065 so
150 3002 305 3079 quendam.
361 2999 476 3077 Quippe
509 3002 535 3060 si
566 2999 752 3075 responsioni
779 2997 936 3056 criminum
964 2996 1000 3055 ab
1028 2997 1080 3069 iis,
1109 2997 1162 3071 qui

218 3178 231 3226 1
252 3171 360 3241 species
376 3172 399 3226 0
451 3172 500 3226 loe.
512 3170 630 3238 dora-l·
646 3186 694 3222 urs.
705 3169 753 3222 lin.
764 3193 797 3212 =
813 3170 849 3223 32
864 3168 914 3222 litt.
936 3165 1161 3231 ἀντεγκλὴματοε

150 3247 195 3298 καὶ
209 3245 390 3298 evacuarent
403 3242 493 3312 suppl.
503 3241 545 3312 Zp
617 3245 650 3292 13
670 3241 719 3295 loe.
731 3244 748 3294 5
753 3239 780 3312 ¹s,
793 3256 841 3294 osu.
852 3265 885 3284 =
901 3241 937 3292 12
951 3239 1002 3293 titt.
1017 3238 1047 3291 ἐν
1061 3253 1160 3304 παρεκ·

150 3318 223 3383 βάεει
246 3315 335 3383 suppl.
350 3315 393 3385 Zp
478 3318 510 3366 15
534 3312 690 3382 poceretO
774 3315 806 3364 16
833 3308 1093 3378 descriptionemO

151 3438 377 3494 ltuolumnisO
439 3443 471 3490 19
486 3435 664 3491 turbulentae
679 3435 767 3502 quiO
828 3433 945 3488 suedo
997 3381 1107 3487 iCtRO

150 3511 187 3564 sie
208 3511 241 3578 O,
260 3525 327 3565 corr.
343 3510 384 3580 Zp
456 3515 487 3562 21
507 3506 743 3562 restitutionesG
817 3510 850 3558 23
869 3503 946 3578 (ac)
962 3504 995 3560 st
1065 3507 1098 3556 27
1117 3503 1161 3557 bic

150 3585 181 3636 io
200 3584 224 3637 0
240 3583 313 3636 tinea
331 3597 419 3635 vacue
438 3587 477 3637 est

971 3663 1000 3718 6t
