2664 3886
170 183 234 248 104
566 183 638 237 PRO
662 183 785 238 SESTIO

167 355 215 412 vel
252 355 325 428 aput
360 352 497 412 Clodium
533 354 658 411 fratrem
694 353 742 410 vel
778 354 852 428 eput
887 371 1009 411 uxorem
1046 350 1180 410 Clodiam

168 442 289 502 videbat
326 488 332 500 .

235 530 318 590 Cum
340 533 431 606 ipsis
453 531 566 590 Nonis
590 531 799 590 Sextilibus.

234 621 294 680 Eos
326 621 412 694 dicit,
449 639 524 695 quoe
557 639 634 678 nunc
666 620 851 698 Augustae
886 620 1086 678 nominantur.
1141 619 1182 676 Et

168 712 333 786 opportune
366 704 446 768 κατὰ
475 705 534 781 τὴν
563 704 723 782 εὐκαιρίαν
755 709 833 767 hunc
861 708 939 766 diem
971 707 1120 786 significet
1151 710 1181 765 et
1208 727 1222 767 s

166 799 342 858 reversionis
366 817 436 857 suae
454 799 545 857 fuisse
563 799 596 855 in
615 799 763 856 coloniam
780 797 983 856 Brindisinem
1001 798 1032 855 et
1050 797 1182 854 netelem

166 888 255 962 filine,
279 889 370 945 etium
392 888 486 962 ipsius
510 887 652 961 coloniae,
676 888 761 962 quusi
784 886 912 945 conficte
930 887 1062 944 omnium
1081 888 1181 963 grutu-

166 978 280 1036 latione
303 977 466 1034 communis
490 975 636 1051 quaedam
659 977 797 1034 votorum
819 976 945 1034 societas
968 975 1067 1033 fuerit.

61 1070 149 1132 5132.
236 1066 301 1123 Est
337 1066 429 1123 enim
465 1064 610 1122 verbum
646 1066 734 1138 eius,
772 1083 790 1121 e
824 1084 891 1140 quo
928 1083 996 1122 uno
1032 1065 1181 1122 maxime

168 1154 199 1212 P.
220 1153 360 1212 Sestius
383 1172 418 1212 se
441 1154 644 1230 oppugnari
667 1153 775 1211 videt.
1197 1171 1223 1212 ro

234 1241 293 1300 Hic
325 1243 390 1299 eret
421 1240 453 1299 P.
477 1241 631 1316 Vatinius,
666 1242 719 1316 qui
749 1242 921 1300 testimonio
955 1240 1085 1300 Sestium
1116 1259 1182 1316 per-

168 1329 347 1405 sequebatur
370 1332 479 1405 quiqne
503 1330 608 1389 solitus
632 1332 709 1389 esset
730 1331 921 1406 optimatium
945 1330 1041 1388 dicere
1064 1331 1183 1389 natio·

168 1438 245 1478 nem
276 1419 384 1478 infami
416 1418 545 1494 quodem
575 1419 719 1479 vocabulo
752 1419 904 1506 destruens
932 1419 1183 1494 amplissimorum

167 1509 322 1567 hominum
345 1509 532 1587 dignitatem.
1134 1571 1135 1576 η

235 1596 393 1656 Primum
415 1616 477 1673 per
504 1596 660 1656 indicem
677 1597 844 1656 Vettium.
1198 1616 1224 1656 ro

234 1687 267 1747 L.
290 1687 424 1760 Vettius,
451 1686 539 1744 homo
567 1686 785 1761 perditissimae
812 1687 1006 1759 temeritatis,
1033 1704 1086 1761 per
1108 1684 1184 1743 illud

167 1779 285 1853 tempus
312 1776 456 1834 indicium
484 1775 633 1833 detulerat
660 1774 699 1833 ed
725 1777 862 1834 senatum
884 1774 942 1834 sibi
964 1794 1018 1850 per
1040 1774 1184 1850 quosdem

168 1866 377 1940 praepotentes
401 1866 431 1922 et
453 1863 567 1922 nobiles
591 1864 760 1922 consideres
789 1863 909 1922 caedem
936 1863 1122 1937 mundatum,
1150 1865 1185 1921 ut

168 1953 368 2032 ingredientes
397 1954 495 2011 forum
524 1950 574 2010 On.
598 1951 773 2028 Pompeium
801 1954 832 2010 et
855 1950 885 2010 G.
910 1950 1066 2012 Gaesarem
1093 1954 1183 2010 inter·

168 2042 275 2102 ficeret.
316 2039 575 2116 complectebatur
598 2043 698 2099 autem
720 2041 777 2099 hoc
799 2040 910 2099 indicio
933 2043 1076 2117 plurimos
1100 2059 1184 2100 senc·
1198 2060 1225 2100 eo

168 2135 260 2205 tores,
288 2131 320 2188 in
348 2132 414 2205 quis
442 2131 502 2188 fuit
529 2133 559 2187 et
582 2131 645 2204 ipse
668 2130 707 2188 M.
731 2129 848 2189 Tullius
871 2132 903 2188 et
925 2128 956 2187 O.
979 2130 1048 2190 Piso
1072 2132 1103 2188 et
1125 2130 1183 2188 duo

96 2225 98 2230 '
170 2219 443 2278 Curionesetulii
470 2218 708 2294 quamplurimi
730 2220 887 2278 nominati.
933 2218 991 2277 Sed
1014 2220 1093 2278 enim
1116 2237 1184 2277 con-

168 2311 262 2367 iectus
289 2309 322 2366 in
350 2327 497 2367 carcerem
519 2307 638 2366 Vettius
666 2307 777 2366 ibidem
804 2326 975 2383 supremum
1002 2308 1081 2366 diem
1103 2309 1184 2366 vitae
1234 2340 1240 2353 ·

168 2397 274 2456 habuit
315 2416 349 2455 ex
386 2416 488 2455 eorum
524 2396 664 2455 videlicet
704 2396 861 2471 mandatu,
902 2398 1047 2473 quantum
1082 2416 1185 2455 rumor

169 2486 296 2560 ferebat,
319 2487 446 2559 occisus,
474 2486 527 2561 qui
549 2504 617 2544 eum
640 2485 678 2544 ed
702 2485 918 2544 calumniosum
940 2485 1016 2543 illud
1038 2485 1183 2544 indicium
1197 2503 1223 2544 ee

170 2575 412 2635 subornaverant.

63 2669 151 2730 5133.
238 2664 285 2723 Ut
307 2665 411 2722 illius
435 2683 531 2722 meae
554 2665 846 2739 proscriptionis.

230 2753 469 2831 vigilantissime
484 2751 640 2811 Claudiam
658 2754 764 2831 legem,
785 2771 860 2828 quae
880 2752 916 2810 de
935 2753 1024 2811 exilio
1035 2750 1183 2811 Ciceronis

169 2842 300 2902 eiusdem
322 2843 387 2901 late
414 2843 526 2915 fuerat,
553 2842 661 2901 meluit
688 2843 993 2917 proscriptionem
1021 2843 1183 2915 nominare,

169 2931 418 3008 quemadmodum
440 2932 544 2990 multis
567 2931 640 2990 locis
664 2931 743 2989 fecit.
1198 2947 1224 2987 eo

237 3071 269 3118 19
289 3025 464 3134 effipiam.
483 3062 548 3118 bell.
569 3064 620 3118 civ.
638 3063 665 3117 H
685 3070 725 3118 12.

237 3205 414 3261 lOlodicO
483 3212 499 3259 5
523 3207 677 3275 oportunus
697 3207 872 3276 Coporttme
890 3224 933 3262 mo
1004 3206 1183 3276 ...ΙΤΔΤΗΝ

228 3277 356 3331 ΚὰΙΡΙᾹΝ
381 3279 444 3332 lone.
465 3278 516 3332 titt.
535 3278 624 3346 suppl.
643 3283 818 3346 concutientes
895 3284 910 3331 6
934 3277 1087 3332 Brindisim
1107 3279 1183 3344 Coeo,

169 3365 236 3402 corr.
258 3348 416 3416 Wesenberp
499 3354 514 3401 9
542 3347 657 3401 verbum
685 3349 801 3418 cgnovi3
830 3350 873 3402 cst
900 3349 975 3402 enim
1002 3349 1080 3403 iliius
1107 3349 1183 3404 codd.

170 3420 224 3473 Cic.
330 3423 363 3470 1⁷
391 3418 421 3470 in
448 3417 584 3472 iudicium
611 3420 659 3473 Om
686 3419 716 3472 in
738 3419 876 3473 indicium
903 3438 932 3486 o,
959 3437 1027 3476 corr.
1049 3421 1087 3475 Or

170 3494 204 3542 20
232 3487 337 3542 iudicio
362 3489 385 3542 0
473 3495 504 3542 21
533 3489 563 3544 L.
582 3489 648 3544 Piso
672 3492 749 3557 Omo,
772 3507 840 3546 corr.
859 3491 993 3562 schilliny
1083 3497 1117 3544 22
1145 3490 1184 3546 eli

171 3562 219 3616 Um
290 3564 324 3611 23
344 3559 483 3630 ΤΙΒΙδΕἾ
567 3566 600 3613 24
628 3562 762 3616 mendeto
783 3580 811 3616 m
892 3568 925 3616 25
953 3562 1089 3617 iudicium
1114 3563 1138 3616 O
