2664 3886
318 202 395 258 CUM
417 202 558 258 POPOLO
582 202 737 258 GRATIAS
761 203 844 258 EGIT
868 209 980 271 §1-4.
1111 203 1153 268 59

137 374 253 450 patriae
275 373 482 433 incolumitate
505 374 640 447 sensisse,
662 375 697 431 ut
715 391 877 449 numquam
895 372 931 433 de
949 391 1003 433 suo
1021 373 1154 450 periculo

135 461 293 536 laboraret,
316 480 384 521 cum
406 462 529 522 exilium
546 481 606 522 non
624 463 765 522 meruerit
783 464 944 538 ueternum,
966 461 1018 522 sed
1039 465 1155 521 mature

136 552 168 610 in
197 551 328 627 patriam
355 553 386 612 et
412 550 537 612 decretis
565 553 685 611 senatus
712 553 743 610 et
770 568 912 612 consensu
938 552 1043 628 populi
1069 553 1154 610 resti·

136 642 220 700 tutus
243 640 292 699 sit.

111 747 123 789 e
202 729 370 790 Miseram
391 729 662 804 profectionem.

202 817 373 896 vigilanter
385 817 545 878 medellam
561 817 668 893 pudori
682 834 735 878 suo
749 817 887 876 adhibuit
900 816 1024 878 dicendo
1038 818 1156 877 tristem

137 907 233 984 magis
273 906 486 983 profectionem
527 925 617 982 quarn
652 907 884 984 ignominiosum
920 906 997 966 illud
1033 907 1155 966 exilium

138 995 242 1070 finisse,
268 998 302 1054 ut
325 1014 384 1056 non
407 997 448 1056 sit
469 995 594 1069 infame,
622 995 701 1072 quod
723 996 818 1056 solam
845 995 983 1056 habuerit
1004 996 1154 1056 iniuriam.

204 1085 289 1144 Eius
331 1084 538 1145 devotionis
577 1102 629 1143 me
666 1101 743 1144 esse
779 1084 983 1146 convictum
1018 1084 1155 1143 iudicio

99 1172 291 1234 iudeorum.

203 1262 328 1322 Vetusta
350 1264 467 1322 locutus
490 1265 548 1324 este
575 1264 639 1323 voti
666 1264 746 1324 enim
775 1263 925 1324 convictos
949 1262 1075 1322 dicimus
1098 1280 1155 1338 eoa,

138 1353 191 1427 qui
214 1351 252 1411 ad
275 1351 411 1412 affectum
432 1353 610 1428 perveniant
631 1369 742 1425 eorum,
766 1351 922 1427 quaemihi
945 1354 1063 1411 evenire
1080 1368 1154 1410 sem-

138 1459 191 1516 per
214 1442 391 1516 optaverint
438 1438 615 1500 Gonuictum
637 1458 708 1517 erge
731 1459 762 1500 se
785 1439 867 1498 dicit.

205 1529 282 1590 Non
307 1532 433 1589 tautae
454 1530 642 1605 voluptati
668 1531 771 1588 erant
798 1529 972 1604 suscepti,
1000 1532 1156 1604 quantae
1175 1534 1190 1594 ξ
1210 1534 1234 1584 a.

97 1635 230 1678 renunc
252 1621 336 1678 sunt
358 1619 535 1678 restituti

207 1705 353 1783 Concepte
375 1709 474 1783 posita
495 1707 650 1767 sententia.
687 1705 807 1765 Etenim
824 1724 893 1765 cum
910 1708 1012 1765 manet
1029 1705 1157 1764 inlibata

139 1796 281 1870 felicitas,
312 1798 411 1856 minor
441 1799 487 1856 est
518 1795 735 1875 gratulantium
763 1796 891 1870 fructum
923 1813 991 1854 cum
1021 1812 1091 1854 vcro
1120 1795 1156 1854 ab

139 1885 240 1946 dolore
276 1885 484 1946 intercedentis
519 1885 648 1944 iniuriae
684 1884 723 1943 ed
758 1885 987 1961 prosperitatem
1019 1884 1156 1944 fortunae

139 1977 304 2048 revocatur,
326 1977 471 2050 pressiore
493 1974 604 2034 iudicio
628 1991 730 2034 sensus
752 1974 907 2034 felicitatis
930 1974 1084 2050 accipitur.

96 2081 126 2122 aa
208 2063 273 2122 Sed
296 2066 477 2140 tamquam
498 2064 590 2124 bona
613 2063 783 2124 valetudo
806 2063 998 2123 iucundior
1020 2065 1075 2122 ast
1097 2063 1157 2136 iis,
1176 2065 1192 2126 i
1211 2067 1235 2115 4-

142 2154 203 2229 qui
229 2147 288 2230 <ο>
315 2154 419 2231 gravi
442 2152 562 2212 morbo
584 2153 743 2212 recreati
765 2155 856 2211 sunt.

203 2235 282 2301 Ἀπὸ
301 2239 359 2300 τοῦ
382 2235 496 2316 ὁμοίου
521 2236 716 2316 ἐπιχείρημα.
753 2241 793 2300 Et
816 2259 906 2316 supra
927 2242 1044 2317 copiose
1062 2241 1158 2300 ethic

143 2330 396 2389 abundantissime
418 2330 560 2390 dilatavit
584 2332 764 2390 sententiam
786 2331 888 2390 volens
911 2330 1064 2389 ostendere
1091 2330 1158 2406 plus

142 2437 205 2489 essa
224 2420 433 2497 gratulationis
452 2420 532 2478 mala
546 2419 695 2496 depulisse
714 2437 805 2495 quam
818 2420 955 2479 fortunae
972 2418 1159 2479 incommoda

98 2525 128 2567 se
142 2527 304 2584 numquam
331 2510 441 2568 sentire
467 2510 612 2584 potuisse,
640 2510 751 2584 quippe
778 2525 880 2567 sensus
907 2507 1160 2567 incommodorum

142 2596 390 2657 commendabilia
426 2598 500 2656 facit
535 2599 603 2672 illa,
640 2616 716 2672 quae
752 2615 893 2673 prospera
924 2599 1001 2656 sunt.
1057 2593 1159 2664 Qualis

142 2688 290 2746 sententia
311 2686 487 2765 Vergiliana
511 2690 568 2746 est:
596 2681 724 2746 ‘Forsan
747 2689 778 2744 et
799 2685 872 2746 haec
895 2685 968 2744 olim
991 2685 1160 2744 meminisse

142 2769 277 2835 iuvabit'
322 2774 434 2834 Verum
456 2775 543 2835 Plato
566 2776 597 2834 in
622 2769 767 2853 πολιτείᾳ
789 2775 845 2849 his,
868 2777 903 2832 ut
925 2775 1039 2850 opinor,
1062 2771 1160 2833 verbis

211 2949 244 2997 27
263 2945 331 2998 Aen.
347 2944 433 2998 1203.

211 3014 479 3084 mmmmm.

211 3175 413 3232 amaturan'
481 3173 760 3246 eprofeseionemc
829 3174 1015 3230 emedellam
1035 3173 1099 3229 Ome

144 3283 362 3356 diudicium&
432 3305 464 3353 11
485 3298 674 3355 conuictueG
750 3299 835 3366 1111·
909 3246 1089 3355 sleld'ecoae

145 3376 179 3425 14
207 3372 290 3425 tanta
315 3371 460 3441 voluptate
567 3374 674 3439 quanta
701 3370 777 3428 codol.
798 3373 853 3426 (lic.
949 3375 982 3424 la
1010 3372 1161 3439 conceptae

143 3441 165 3496 C
247 3448 280 3496 21
310 3442 370 3514 (e)
396 3443 473 3498 cedd.
494 3443 548 3498 cre.
630 3447 663 3495 22
691 3442 744 3495 ΘΠ
854 3442 927 3496 ulte
955 3443 1004 3496 loc.
1034 3440 1084 3512 1⁸s,
1113 3457 1161 3496 em.

146 3539 179 3562 =
200 3517 217 3568 5
237 3514 288 3568 litt.
379 3513 576 3584 1586Ν81Γ1
673 3518 707 3567 at
728 3513 875 3569 fonsae
899 3512 1018 3566 forsitan
1040 3528 1083 3566 οοο

147 3590 182 3639 28
201 3585 356 3641 inuanitC
407 3601 503 3639 verum
525 3584 557 3640 st
574 3600 641 3640 uero
659 3586 692 3639 ut
711 3586 735 3639 0
754 3584 799 3638 rel
821 3585 855 3638 ut
874 3600 917 3640 me
989 3582 1164 3637 ΠΟΛΕΙΤΙο
