2670 3876
471 207 542 262 PRO
565 206 703 263 FLACCO
728 214 743 275 ξ
763 214 840 263 1-3.

406 406 584 490 <monn
612 411 688 472 rao
717 409 903 492 unacco.)

207 583 248 595 ...
263 531 558 615 <subscri>bentibus
577 537 610 596 L.
621 537 716 596 Balbo
736 541 767 597 et
781 537 910 614 Apuleio
925 538 1066 613 Deciano,
1084 557 1158 614 qnos
1177 545 1194 607 5
1213 547 1240 596 2.

142 627 209 687 vult
231 626 446 686 obtrectatores
477 626 614 705 intellegi
643 626 762 687 invidos
790 627 904 706 gloriae
933 628 1020 687 huius
1043 627 1159 688 Valerii

142 717 245 774 Flacci
266 717 421 793 magisque
444 717 596 792 cupientes
619 714 769 774 destruere
788 717 931 775 virtutem
950 735 1040 791 quam
1062 717 1159 776 ullum

115 807 254 866 ocrimen
276 805 444 878 ostendare3
471 823 598 880 quorum
620 823 761 881 personas
785 807 890 864 onerat
916 805 1044 880 invidia,
1072 808 1159 882 quasi

142 895 218 953 nihil
241 894 324 953 aliud
347 894 497 964 adfectent
520 911 610 969 quarn
633 895 869 954 coniurationem
891 895 977 953 illam
1001 893 1157 970 Catilinae,

143 1001 219 1058 quae
241 984 297 1042 boc
321 982 457 1042 adiutore
481 1000 622 1058 oppressa
645 985 693 1057 sit,
715 982 876 1043 vindicare.

209 1072 247 1130 Si
290 1089 455 1147 umquam
500 1090 555 1130 res
601 1092 630 1148 p.
671 1073 877 1146 consilium,
923 1074 1237 1150 gravitatem,§3.

141 1162 361 1237 sapientiam
400 1160 559 1230 iudicum
599 1162 826 1236 imploravit,
866 1162 945 1236 hoc,
985 1162 1062 1237 hoc,
1103 1165 1157 1221 in·

101 1269 127 1309 ro
143 1269 258 1325 quam,
281 1252 441 1326 tempore
464 1251 642 1326 inploret,
710 1297 712 1302 .

282 1337 480 1397 Vehementer
512 1340 741 1417 congeminavit,
772 1341 807 1398 ut
838 1341 1013 1399 attentiores
1041 1342 1156 1401 animos

139 1428 272 1486 iudicum
298 1427 423 1502 faceret,
451 1447 509 1502 quo
537 1429 633 1506 magis
656 1429 811 1488 universae
834 1429 878 1486 rei
905 1448 933 1504 p.
957 1429 1155 1505 providerent,

139 1535 176 1575 ne
203 1516 414 1576 benemeritis
443 1515 556 1576 civibus
580 1518 676 1577 virtus
703 1535 758 1576 sua
785 1535 845 1576 non
873 1518 1002 1594 gratiam
1029 1521 1155 1594 praemii

139 1606 191 1665 sed
208 1608 366 1665 materiam
383 1606 510 1682 periculi
528 1607 722 1682 compararet.
760 1605 815 1665 ast
833 1624 903 1682 ergo
928 1650 978 1664 ...
1001 1607 1156 1684 invigilari

99 1713 125 1754 rs
139 1697 289 1771 oportere,
313 1713 349 1753 ne
372 1713 486 1768 omnes,
515 1695 693 1770 quicumque
715 1696 759 1753 rei
782 1715 809 1771 p.
833 1695 1022 1770 profuerunt,
1050 1695 1154 1754 simili-

138 1783 193 1842 bus
222 1784 387 1842 calumniae
415 1784 554 1860 periculis
585 1786 767 1860 opterantur.
818 1782 884 1843 Iam
910 1784 990 1841 enim
1017 1787 1155 1860 coeperat

138 1873 303 1933 invidiosus
350 1873 521 1934 consulatus
568 1891 630 1932 esse
672 1871 820 1932 Ciceronis
862 1891 949 1950 aegre
991 1871 1153 1932 ferentibus

138 1963 287 2039 plerisque
316 1962 395 2037 quod
425 1961 612 2022 indemnatos
645 1963 723 2023 cives
751 1962 785 2019 R.
808 1963 955 2022 iussisset
973 1961 1006 2018 in
1038 1979 1153 2021 carcere

139 2051 329 2129 strangulari.

96 2158 124 2198 eo
204 2141 283 2200 Non
306 2141 394 2200 estis
422 2140 463 2200 de
486 2140 663 2216 Lydorum
691 2141 753 2198 aut
774 2138 954 2215 Mysorum
981 2142 1044 2200 aut
1065 2139 1154 2217 Fry-

138 2249 231 2307 gum,
272 2231 334 2305 qui
373 2229 440 2287 huc
477 2230 641 2305 corrupti
684 2229 932 2303 concitatique
964 2233 1152 2305 venerunt,

138 2321 192 2378 set
215 2318 255 2376 de
277 2319 400 2377 vestra
422 2337 459 2376 re
482 2339 510 2394 p.
533 2317 743 2377 iudicaturi.
1139 2385 1140 2388 Ἴ

204 2406 286 2465 Haeo
318 2408 419 2466 omnia
451 2408 598 2483 congessit
634 2425 668 2464 eo
700 2404 812 2480 studio,
849 2424 907 2480 quo
940 2407 971 2464 et
1001 2407 1069 2466 illos
1102 2407 1151 2466 de-

137 2497 277 2571 strueret,
310 2497 363 2570 qui
385 2494 564 2554 accusabant
585 2494 738 2568 Flaccum,
767 2495 798 2552 et
824 2513 942 2553 omnem
964 2494 1152 2572 diligentiam

95 2602 122 2644 aa
136 2584 269 2642 iudicum
291 2585 330 2643 ad
352 2585 516 2644 utilitatem
538 2585 582 2642 rei
605 2604 633 2660 p.
651 2583 790 2642 flecteret.
826 2583 906 2641 Nam
929 2601 987 2658 quo
1005 2585 1152 2661 magisiin

136 2674 260 2751 planum
291 2673 519 2746 deducerentur,
551 2674 603 2747 qui
630 2671 822 2746 accusabant,
854 2689 913 2730 non
945 2671 1020 2730 dixit
1046 2671 1151 2732 Asiam

135 2763 331 2837 prouinciam,
349 2762 401 2821 sed
414 2762 531 2821 diduxit
543 2763 575 2820 in
590 2763 701 2838 species
720 2761 877 2819 nationum
894 2758 1097 2835 barbararum,
1116 2764 1151 2822 ut

135 2850 235 2926 Lydos
258 2854 289 2910 et
305 2851 406 2927 Mysos
429 2853 459 2910 et
477 2850 591 2929 Fryges
615 2850 738 2908 diceret:
762 2851 792 2908 et
810 2847 955 2908 vocabula
974 2850 1041 2924 ipsa
1060 2868 1150 2925 quen·

135 2940 206 2999 dam
227 2941 372 3016 impetum
389 2939 545 2999 barbariae
563 2940 732 2998 ferocientis
756 2939 915 2998 ostentant.
951 2937 1014 2998 Nec
1034 2938 1151 2998 suffecit

92 3045 122 3088 ao
135 3029 192 3088 hoc
218 3029 306 3090 modo
334 3031 544 3088 auctoritatem
576 3029 783 3102 destrucxisse3
815 3027 934 3086 adiecit.
955 3028 1046 3085 etiam
1073 3027 1150 3088 illud

203 3168 219 3216 1
246 3162 401 3232 necutia-
428 3163 517 3244 supptss
541 3179 584 3216 mc
692 3167 708 3214 6
735 3159 942 3215 adiurationem
970 3160 1050 3226 cau,
1077 3176 1147 3216 corr.

137 3235 203 3289 Mai
289 3239 305 3287 9
331 3241 392 3303 poet
414 3233 582 3303 sapientiam
605 3233 669 3288 odd.
688 3232 895 3302 providentiam
917 3232 992 3287 codd.
1014 3232 1068 3286 Oic.

135 3311 168 3358 11
189 3307 239 3360 luc.
254 3307 343 3374 4-Ι-3
357 3323 404 3360 cm.
416 3331 449 3351 =
465 3309 500 3360 16
514 3306 564 3360 litt.
584 3305 780 3372 cuvudporcudc
798 3305 839 3358 oet
857 3303 1038 3359 dvobtulwcu
1056 3305 1147 3374 suppl.

133 3377 176 3447 Zp
195 3378 266 3432 κατὰ
285 3377 500 3443 (υναθροιεμόν1
590 3381 623 3429 12
642 3375 735 3429 facere
755 3376 777 3430 0
849 3380 880 3427 13
903 3374 1036 3444 praemiis
1056 3374 1080 3429 G

135 3453 169 3501 14
188 3450 238 3502 loc.
257 3452 277 3502 2
295 3448 344 3503 lm.
359 3473 393 3497 ,τ
407 3451 443 3501 36
462 3449 512 3503 litt.
531 3450 677 3516 προτροπὴ
696 3449 835 3514 παθητικὴ
855 3446 893 3500 εἰ(
912 3447 1039 3501 δικαετάε
1057 3447 1149 3516 suppl.

134 3519 176 3590 Zp
241 3523 273 3572 16
302 3519 496 3588 operanturO
564 3523 597 3573 17
617 3517 762 3588 aegran
831 3521 865 3570 20
884 3516 1077 3573 tirasone-

134 3596 168 3644 21
189 3589 326 3660 compulsi
344 3590 420 3646 codd.
436 3591 491 3646 Cic.
564 3595 598 3644 2¹1
617 3588 812 3643 barbamrnO
1093 3631 1097 3638 .

190 3688 284 3730 Scholia
298 3688 422 3730 Bobtenele
436 3689 471 3729 ed.
485 3687 647 3729 Hildebrandt.
970 3682 986 3728 3
