2670 3876
554 203 663 272 Fragm.
685 208 762 257 1-7.
1124 206 1164 270 31

149 370 187 429 ab
210 370 305 430 Alexa
327 390 404 448 rege.
447 367 668 430 Occurrendum
692 374 737 430 est
759 372 861 449 igitur,
885 374 919 430 ut
942 372 1015 431 haee
1037 374 1168 432 refuten-

148 462 206 517 tur.
244 458 284 517 st
306 460 339 517 in
361 461 428 534 ipsa
450 461 654 535 propositione
734 461 893 538 insigniter
911 461 993 520 faeta
1011 463 1065 535 est,
1089 461 1168 538 quod

148 548 195 608 his
219 546 316 608 verbis
339 548 457 625 ingredi
480 549 624 624 eoeperit:

216 636 355 695 Debent
391 654 467 696 esse
499 637 784 712 modestissima,
821 639 989 713 quoniam
1025 630 1273 713 quidemffism·

121 729 204 785 sest
234 725 299 783 hoo
332 727 458 784 summi
489 727 636 801 imperii
662 729 803 786 nosmet
832 727 930 802 ipsos
961 726 1002 785 de
1031 730 1167 787 nostris
1202 702 1243 755 IV

147 813 253 873 rebus
276 813 452 888 iudicare,

215 921 285 961 nam
312 902 378 962 vult
406 905 506 962 orator
532 903 669 981 intellegi
696 921 790 978 paene
820 903 999 979 inpudenter
1030 907 1167 963 senatum

149 992 185 1050 de
217 1008 307 1050 eausa
339 1009 393 1050 sua
424 991 557 1050 iudicare
589 991 734 1066 voluisse,
772 1009 839 1050 oum
875 993 915 1051 sit
946 993 1096 1067 naturale,
1133 996 1167 1052 nt

148 1081 351 1154 unusquisque
383 1099 443 1139 nou
479 1081 574 1156 possit
605 1082 789 1155 aequitatem
820 1083 899 1140 tueri
930 1081 967 1140 de
997 1081 1080 1141 luero
1113 1099 1166 1141 suo

107 1188 134 1227 ro
148 1169 336 1245 potissimum
359 1171 503 1247 cogitans,
527 1168 606 1244 quod
625 1169 799 1245 plerumque
819 1171 970 1230 oonitatm
989 1170 1080 1230 etiam
1099 1188 1166 1228 eum

147 1255 331 1333 inprobitate
354 1257 519 1333 deposcere.
1238 1333 1245 1342 .

215 1344 282 1414 Qui
314 1363 353 1403 ex
384 1346 588 1406 hereditate
620 1349 724 1405 tanta
756 1367 862 1405 unum
896 1348 1009 1407 solum
1040 1365 1165 1407 nomen
1178 1339 1271 1464 Frgm·

8 1427 9 1436 ¹
60 1443 62 1448 '
149 1435 407 1513 agnoverimus.

216 1521 283 1582 Oito
318 1525 421 1598 rapuit
454 1541 508 1598 pro
541 1541 572 1582 se
604 1526 812 1601 argumentum
843 1522 991 1582 iudicasse
1023 1523 1166 1598 quodam·

7 1611 9 1678 ξ
108 1612 311 1674 minoda...

460 1697 590 1772 (Deserat
613 1699 688 1758 XII
700 1698 854 1774 popinae.)

281 1827 316 1883 ut
337 1823 450 1883 bellum
471 1824 633 1902 gerendum
655 1843 718 1884 esse
741 1826 886 1897 censeret,
910 1824 962 1898 qui
984 1824 1166 1883 mentionem

147 1914 291 1989 peormiae
313 1913 432 1972 fecerat.

216 2001 274 2060 Sie
297 2005 352 2061 est
373 2003 473 2061 iusta
500 2019 608 2062 eausa
634 2001 737 2076 belli,
764 2002 877 2061 siouti
900 1999 1055 2062 Crassus
1073 2019 1163 2060 oom—
1178 1992 1270 2062 Frgm.

106 2108 134 2150 ao
148 2092 361 2150 memoravit
384 2108 461 2149 oum
482 2090 659 2168 Iugurtha
681 2091 802 2150 fuisse.
1202 2063 1241 2117 VI

214 2179 414 2238 Notissimum
445 2182 491 2239 est
520 2179 648 2255 Micipsa
679 2198 748 2256 rege
774 2179 935 2238 Numidiae
966 2181 1083 2238 mortuo
1110 2181 1165 2237 tri-

147 2269 257 2328 fariam
292 2268 371 2328 inter
403 2266 596 2326 Atherbalem
628 2271 658 2326 et
690 2267 895 2342 Hiempsalem
926 2270 957 2326 et
988 2266 1165 2345 Iugurtham
1217 2325 1222 2331 ,

147 2375 272 2435 regnum
304 2374 367 2416 esse
390 2355 528 2416 divisum.
574 2355 653 2425 Quos
685 2359 786 2415 tamen
815 2356 889 2415 duos
916 2355 996 2414 idem
1018 2355 1165 2434 Iugurtha

148 2447 260 2520 partim
282 2447 315 2504 vi
341 2446 453 2520 partim
480 2463 549 2505 vero
576 2445 695 2504 insidiis
723 2445 881 2504 interfecit.
926 2443 1009 2503 Haeo
1036 2445 1083 2502 illi
1105 2447 1165 2503 fuit

106 2550 238 2594 sisausa
256 2534 418 2609 praecipua
434 2532 546 2592 bellum
569 2533 691 2612 gerendi
714 2533 855 2592 adversus
874 2533 1019 2608 populum
1036 2532 1071 2591 R.
1107 2531 1165 2601 Qui

147 2625 249 2681 tamen
276 2625 344 2698 post
371 2623 481 2682 multos
509 2623 703 2697 imperatores
731 2623 864 2700 graviter
891 2620 1026 2681 adflictos
1055 2621 1094 2680 ad
1116 2640 1164 2680 ex-

147 2714 276 2769 tremum
299 2709 330 2771 G.
348 2710 444 2769 Mario
467 2711 648 2786 imperatore
671 2713 828 2786 superatus
852 2713 905 2770 est.

213 2799 291 2858 Non
327 2800 450 2874 patiar
484 2799 575 2857 hano
612 2799 776 2858 exaudiri
807 2816 928 2858 voeem
962 2799 1067 2858 huius
1100 2799 1162 2857 im·
1178 2787 1269 2857 Fst'ffl·

147 2889 254 2963 perii:
281 2882 369 2966 ‘Ego
391 2889 440 2961 te,
471 2888 544 2946 nisi
571 2887 632 2948 das
661 2887 816 2964 aliquid,
842 2887 997 2961 hostem,
1024 2888 1055 2945 si
1079 2887 1165 2962 quid

107 2976 303 3050 aodederis‚
326 2978 462 3036 sooium
485 2978 519 3034 et
542 2978 694 3035 amioum
715 2969 904 3035 iudicabo.³

213 3063 262 3122 Ad
288 3064 431 3124 tuendam
457 3066 605 3124 rationem
632 3064 754 3141 pudoris
782 3065 953 3140 exsequitur
979 3081 1039 3122 non
1063 3063 1164 3123 desere

147 3153 291 3230 populum
318 3152 353 3210 R.
375 3153 431 3212 has
458 3156 621 3229 potestates
649 3154 748 3232 regias
780 3153 954 3227 nundinari,
986 3155 1021 3210 ut
1048 3150 1164 3212 obieeta

214 3364 230 3412 2
259 3359 308 3414 loo.
329 3357 370 3428 1¹]
395 3359 428 3427 -l-
444 3363 462 3412 4
479 3374 528 3412 em.
544 3384 577 3404 =
598 3361 633 3412 12
652 3359 702 3413 litt.
728 3361 809 3426 μικτὴ
829 3357 956 3425 assasse
978 3359 1019 3412 oet
1037 3357 1164 3424 διαίρεειε

146 3429 283 3498 supplZg
297 3430 356 3484 ooll.
365 3397 461 3482 haste.
471 3427 539 3482 min.
549 3429 589 3484 ed.
598 3429 685 3482 Halm
696 3435 756 3495 llo,
768 3435 842 3498 lagg.
857 3429 1092 3496 uponopocseuh?

148 3499 280 3570 aceepit
299 3499 404 3555 Metller
482 3500 667 3569 tpaenan
742 3505 775 3553 10
799 3499 940 3569 cogitatur
960 3500 1024 3555 Chao
1047 3500 1165 3552 conatur

148 3571 226 3637 Mai,
244 3570 360 3626 aaraSt
445 3576 478 3624 19
497 3569 521 3623 si
540 3571 666 3624 Niebuhr
747 3570 1027 3625 a1nonissimum0
