2670 3876
165 160 209 225 24
412 159 452 212 IN
476 158 640 214 CLODlUM
663 159 710 212 ET
734 158 931 214 CURIONEM.

71 322 164 390 ΡΨ]-
235 327 334 388 Hanc
357 329 546 404 loquacem
570 327 736 387 Siciliam
758 347 827 386 non
850 328 1022 404 despexit.

89 391 140 445 XV
233 416 400 489 Loqccocm
422 416 541 475 videtur
568 415 701 476 Siciliam
729 416 838 491 dicere,
862 417 943 492 quod
964 417 1120 492 plerosque
1148 418 1185 476 de

166 507 299 582 pecuniis
326 505 499 581 repetundis
533 508 756 581 accusaverant,
789 505 863 566 *sed
889 508 924 563 ut
951 506 1058 565 scimus
1086 508 1184 582 ipsum

58 675 150 744 Frgm.
168 592 473 742 GVtolldrdnensserunt
500 683 554 741 ita
581 684 701 759 pauci,
732 685 772 740 ut
795 701 871 741 eum
898 701 967 742 non
996 683 1039 742 ad
1069 685 1183 743 conti·
1212 703 1225 744 s

76 744 141 798 XVI
167 790 279 847 onem,
303 771 363 831 sed
385 790 553 847 sponsum
577 771 713 830 diceres
737 771 938 832 advocasse.

233 860 310 918 Aere
347 861 446 919 alieno
483 862 642 938 gravatum
679 862 709 918 et
745 879 835 935 supra
877 859 992 920 dixerat
1033 858 1184 937 Clodium3

167 948 303 1010 solebant
349 951 450 1008 autem
495 967 648 1009 versuram
694 949 836 1008 facientes
886 951 973 1024 quasi
1019 949 1057 1007 ad
1102 967 1185 1025 spem

167 1039 324 1098 solutionis
347 1037 466 1096 futurae
489 1055 644 1112 sponsores
668 1036 746 1096 dare.
788 1036 901 1096 Verum
923 1039 972 1097 hic
995 1039 1097 1097 volens
1121 1040 1184 1098 eius
1326 1109 1327 1112 Ἴ

166 1125 322 1201 perfidiam
341 1125 481 1184 denotare
505 1127 549 1184 ait
571 1144 631 1184 non
655 1127 743 1185 aliter
761 1144 870 1202 paucos
890 1126 929 1186 ad
946 1128 1043 1186 rostra
1061 1129 1185 1202 venisse,
1200 1146 1226 1186 ro

168 1233 258 1289 quam
281 1216 307 1274 si
330 1217 520 1273 convocasset
543 1233 606 1288 eos,
635 1216 687 1289 qui
709 1233 763 1290 pro
787 1233 818 1274 se
841 1215 1027 1290 sponderent.
1073 1216 1185 1275 Multos

168 1304 248 1362 enim
270 1303 427 1377 fefellerat,
450 1321 518 1362 cum
540 1304 673 1378 periculo
696 1304 863 1378 sponsionis
887 1304 1093 1382 adstringeret.

61 1384 155 1506 Frgffl·
239 1389 346 1452 Cuius
370 1391 633 1452 satisdationes
656 1409 794 1467 semper
816 1392 987 1452 dicuntur
1008 1393 1139 1452 induci.

73 1454 98 1506 X
124 1453 150 1506 Π
236 1479 452 1539 satisdationes
488 1481 561 1540 dicit
592 1481 721 1541 rescindi
752 1482 901 1540 sententia
932 1483 1086 1556 praetoris
1146 1481 1186 1541 Et

167 1570 222 1629 boc
244 1569 277 1628 in
299 1570 365 1628 loco
389 1568 538 1648 significat
560 1571 650 1644 viros,
673 1570 726 1645 qui
748 1570 839 1629 stulte
861 1571 1011 1644 timerent,
1033 1564 1113 1648 <ne>
1131 1590 1185 1647 pro
1200 1587 1226 1630 1⁶

168 1657 271 1718 Clodio
299 1660 457 1718 mutuante
484 1660 641 1734 pecuniam
669 1659 842 1734 spondeant,
875 1677 942 1717 cum
974 1676 1185 1734 saepenumero

168 1749 282 1824 experti
305 1749 366 1806 sint
388 1748 499 1806 multos
523 1765 677 1823 sponsores
697 1749 759 1806 eius
779 1747 836 1805 hoc
854 1766 931 1805 nexu
949 1745 1100 1822 liberatos,
1119 1765 1186 1806 oum

169 1856 199 1897 se
223 1838 439 1896 circumventos
462 1837 544 1896 illius
567 1836 671 1894 fraude
695 1835 870 1895 docuissent.

61 1917 98 1968 Fr
118 1933 154 1968 m.
236 1925 392 1984 Primum
424 1925 526 1983 bomo
559 1924 666 1984 durus
700 1942 738 1982 ac
770 1925 911 2000 priscus
938 1927 1103 1984 invectus
1132 1927 1186 1983 est

61 1987 86 2039 X
169 2015 206 2071 in
230 2031 301 2088 008,
326 2015 387 2089 qui
409 2032 526 2073 mense
549 2011 672 2089 Aprili
695 2015 782 2088 aput
804 2013 912 2073 Baias
936 2017 1065 2074 essent.
1200 2030 1227 2069 ao

236 2100 424 2161 Consuetudo
458 2105 522 2162 erat
553 2103 656 2161 multis
689 2103 810 2160 ineunte
842 2121 933 2161 verno
966 2102 1004 2161 ad
1032 2121 1186 2178 aquarum,

168 2209 244 2266 quae
268 2193 337 2250 sunt
359 2192 391 2248 in
411 2188 583 2267 Campania,
606 2191 690 2249 velut
712 2191 845 2250 fomenta
868 2189 1000 2250 salubria
1021 2194 1185 2251 convenire,

170 2325 219 2336 ...
243 2280 337 2357 igitur
359 2280 465 2338 intulit
486 2298 643 2355 personam
663 2277 760 2338 Clodii
779 2280 865 2354 quasi
883 2281 997 2356 priscae
1018 2282 1186 2339 severitatis

169 2371 199 2427 et
222 2368 422 2427 continentiae
441 2369 508 2442 viri,
532 2370 580 2427 oui
602 2369 780 2443 displiceant
798 2370 828 2426 et
847 2387 922 2443 quae
941 2387 1001 2427 non
1021 2368 1059 2427 ad
1078 2369 1186 2428 delica-

169 2460 232 2517 tam
250 2457 445 2532 voluptatem,
469 2457 520 2516 sed
544 2457 581 2516 ad
599 2457 780 2516 valetudinis
803 2457 983 2532 optinendae
1002 2477 1104 2516 curam
1121 2458 1186 2517 fieri
1201 2472 1227 2513 aa

169 2546 292 2620 soleant,
320 2564 388 2604 cum
410 2547 451 2605 sit
472 2547 536 2621 ipse
559 2547 691 2605 omnium
714 2546 873 2605 libidinum
900 2546 1114 2621 cupiditatibus
1137 2547 1187 2606 ds-

169 2635 257 2695 ditus.
295 2634 335 2692 Et
357 2635 427 2693 bino
450 2633 502 2693 fiet
524 2634 632 2713 gradus
657 2634 695 2694 ad
717 2636 811 2710 ipsius
836 2633 985 2694 Ciceronis
1007 2633 1186 2696 Puteolanas

169 2724 377 2799 possessiones,
398 2725 432 2782 in
456 2742 529 2799 quas
553 2723 703 2782 devertere
727 2723 765 2782 ad
788 2723 1038 2783 oblectamentum
1064 2724 1185 2784 solebat.

238 2882 252 2929 '1
271 2877 325 2932 oid.
347 2881 389 2942 22,
405 2881 503 2945 ddsqq,

237 3040 253 3088 3
280 3035 456 3104 repetundiis
485 3035 509 3090 0
587 3036 768 3088 accusaverat
793 3051 820 3088 m
848 3037 1049 3090 accusaverunt
1078 3035 1116 3090 Or

171 3108 200 3159 et
217 3123 243 3159 m
293 3112 357 3162 cate
380 3106 430 3160 sed
450 3107 499 3161 lac.
519 3106 616 3160 statuit
634 3107 675 3175 Zp
702 3104 752 3158 sed
769 3107 803 3158 ut
822 3105 937 3160 Ovolut
955 3107 1012 3160 Leo
1056 3113 1120 3173 post
1138 3106 1187 3159 sed

171 3177 279 3246 aliquid
297 3179 427 3232 occiduae
445 3177 553 3232 videta-r
607 3193 660 3244 pro
678 3175 771 3244 ipsum
789 3175 912 3245 primum
926 3178 1059 3246 proponit
1079 3176 1116 3231 Or

171 3252 187 3300 8
202 3262 281 3326 spem
290 3248 416 3302 Niebuhr
429 3263 473 3302 mo
520 3289 525 3300 .
538 3289 543 3299 .
560 3247 733 3370 ΙΕᾌΙΙΕἾ)
748 3248 798 3302 lac.
810 3253 825 3300 1
837 3248 887 3302 litt.
897 3248 981 3301 fidem
994 3266 1030 3315 m,
1045 3248 1127 3303 Beier

172 3318 309 3371 1010n0
380 3323 412 3372 13
427 3316 607 3388 Sbl'lebbt
643 3317 745 3374 lones
786 3317 993 3373 indicunturC
1025 3317 1188 3372 indicantur

170 3388 254 3442 Beier
323 3393 355 3441 15
375 3388 453 3512 Sne>
473 3389 505 3444 St
577 3394 609 3441 16
629 3387 766 3457 spondere
785 3405 828 3444 mo
903 3394 934 3442 18
954 3390 1018 3444 siO
1082 3395 1116 3444 23
1135 3391 1186 3444 loo.

170 3459 373 3515 mM=w

169 3535 204 3583 26
240 3529 245 3540 Ι
268 3531 281 3582 t
301 3530 323 3584 O
397 3461 437 3515 itt.
454 3461 513 3526 μετ’
526 3460 667 3527 εἰρωνεία(
681 3460 769 3528 suppl.
780 3461 822 3530 Zp
837 3463 905 3526 μετὰ
920 3467 1129 3528 χαριεντιεμοῦἳ

224 3546 267 3582 sm
