2670 3876
179 153 221 218 38
333 162 335 168 '
569 152 640 208 PRO
664 152 800 208 FLACCO

70 315 162 384 FJ-”gm-
244 321 336 380 Idem
367 340 495 381 novum
526 322 659 380 bellum
690 322 853 398 suscepit
885 324 992 398 atque
1025 322 1193 395 confecit.

96 387 135 440 XI
244 409 276 479 Q.
300 412 437 470 Metellus
466 411 648 471 detrectante
676 411 790 489 collega
820 429 872 470 suo
897 409 930 479 Q.
953 410 1113 470 Hortensio
1141 410 1193 469 ad-

176 501 427 560 ministrationem
449 502 620 575 provinciae
645 499 749 559 Oretae
776 502 840 575 ipse
868 501 998 576 suscepit
1025 503 1055 558 et
1081 499 1193 558 ibidem

176 591 309 648 confecto
332 588 410 648 bello
434 591 660 667 cognomentum
684 608 719 647 ex
741 591 861 662 virtute,
885 591 1032 664 utsupra
1055 589 1192 662 diximus,

176 676 286 737 Cretici
304 680 422 736 meruit.
456 676 600 754 Coeperat
619 678 739 754 quidem
755 681 825 736 ante
838 679 926 736 illum
940 696 1009 737 orae
1022 679 1192 736 maritimae
1221 695 1234 736 s

174 768 362 843 praepositus
384 767 424 825 M.
444 766 593 828 Antonius
615 769 730 843 piratas
752 768 904 843 persequi,
932 767 983 826 sed
1009 766 1097 826 rebus
1120 785 1193 825 non-

175 855 247 914 dum
270 857 411 915 confectis
435 859 530 916 morte
553 859 730 932 praeventus
755 859 806 915 est.

69 938 161 1008 Frgm.
243 945 320 1004 Non
351 945 460 1004 Asiae
496 945 668 1019 testibus,
704 945 765 1004 sed
802 944 1075 1004 accusatoribus
1112 962 1193 1004 con-

93 1009 144 1062 ΧΠ
175 1033 427 1093 tubernalibus
450 1034 619 1094 traditus.

242 1123 413 1201 vigilanter
453 1122 603 1181 subtrahit
648 1124 859 1182 auctoritatem
902 1124 1087 1198 provinciae,
1133 1141 1193 1198 qua
1207 1141 1234 1182 ro

174 1210 299 1270 Flaccus
327 1212 456 1287 opprimi
485 1213 616 1287 poterat,
644 1215 674 1270 et
702 1211 803 1270 subdit
830 1213 1015 1271 accusatores
1039 1211 1193 1271 contuber-

175 1301 266 1358 nales.
311 1299 376 1359 Hoo
400 1301 479 1358 enim
502 1319 594 1376 prope
617 1301 693 1358 nibil
717 1303 832 1375 optinet
855 1302 1053 1374 auctoritatis,
1076 1303 1102 1360 si
1125 1319 1193 1360 oon-

174 1389 344 1448 tubernales
381 1389 419 1448 ad
456 1389 630 1466 obsequium
663 1389 811 1449 mendacii
844 1389 1114 1466 obtemperaverint
1146 1408 1192 1448 ac·

176 1480 318 1553 cusatori,
359 1479 435 1537 illud
472 1481 575 1538 contra
610 1499 664 1554 pro
701 1479 886 1539 validissimo
929 1481 1126 1555 acciperetur,
1168 1479 1193 1538 si

175 1570 325 1627 accusatio
348 1569 519 1643 provinciae
542 1570 634 1628 totius
657 1568 849 1628 incumberet.
1208 1583 1234 1624 is

99 1663 115 1724 ἓ
135 1663 158 1712 6.
244 1657 291 1715 At
313 1676 331 1715 a
353 1656 510 1716 testibus
533 1658 701 1716 laeditur.

242 1747 399 1805 Exsecutio
431 1746 505 1804 haec
532 1748 626 1806 omnis
656 1747 733 1805 hanc
763 1747 879 1821 optinet
906 1747 1123 1822 quaestionem,
1155 1763 1194 1804 an

175 1835 300 1894 testibus
325 1835 502 1894 credendum
525 1837 573 1893 sit.
615 1836 656 1894 Et
675 1836 855 1911 priusquam
878 1835 1071 1914 adgrediatur
1094 1837 1194 1895 orator

172 1959 182 1981 -.
199 1970 226 1982 ..
259 1924 409 1983 destruere
439 1925 599 1998 'personam
630 1922 809 1983 Graecorum
842 1927 872 1982 et
903 1926 1056 1983 nationem
1087 1925 1194 2002 gentili

175 2013 305 2088 quadam
319 2013 442 2072 levitate
460 2015 664 2088 praeeipitem,
678 2015 781 2072 statim
800 2015 898 2088 prima
912 2013 1130 2073 conflictatione
1150 2057 1192 2071 ...
1208 2029 1235 2069 ao

176 2103 300 2177 opponit
340 2101 580 2177 praecedentium
616 2104 859 2181 magistratuum:
899 2104 932 2160 in
973 2102 1079 2178 quibus
1119 2101 1193 2160 bene

175 2193 328 2268 cognitum
355 2193 385 2248 et
412 2191 539 2268 gloriose
566 2192 724 2266 probatum
747 2192 779 2252 L.
803 2192 944 2250 Flaccum
970 2209 1030 2251 non
1057 2194 1194 2267 oporteat

175 2279 222 2336 his
246 2297 313 2337 cum
330 2281 458 2338 maxime
476 2282 647 2340 testimonio
665 2281 868 2359 pugnantibus
888 2281 996 2356 addici,
1020 2299 1087 2339 cum
1105 2282 1193 2356 plura

175 2370 245 2443 sint,
267 2387 343 2444 quae
361 2369 446 2427 laudi
463 2368 604 2443 proficere
623 2369 757 2445 debeant,
777 2390 868 2446 quam
883 2389 959 2446 quae
978 2389 1056 2429 nunc
1074 2370 1194 2429 crimini

175 2456 263 2515 fidem
287 2459 408 2516 faciant.
1208 2473 1234 2516 aa

241 2547 387 2606 Nullam
408 2548 446 2604 in
468 2565 504 2604 re
528 2548 707 2606 familiari
729 2547 875 2606 sordem.

242 2635 381 2695 Notabile
413 2637 482 2710 hoo,
519 2637 598 2712 quod
630 2637 776 2713 singulari
807 2655 930 2696 numero
961 2636 1076 2696 sordem
1108 2636 1192 2710 dixit,

175 2743 242 2782 cum
274 2725 310 2783 de
342 2725 473 2784 moribus
506 2725 544 2783 ad
577 2725 772 2800 cupiditatem
807 2727 950 2800 pecuniae
981 2724 1193 2801 promtioribus

243 2850 311 2916 lcf.
331 2849 436 2919 Xiphil.
456 2869 483 2933 p.
504 2856 520 2904 3
539 2850 571 2903 R.
593 2850 688 2920 Steph.

242 2927 258 2974 5
277 2922 312 2988 cf.
333 2919 407 2975 Cass.
427 2921 481 2975 Dio
499 2921 614 2976 XXXVI
631 2927 709 2988 1e,3
732 2920 804 2974 Flor.
824 2920 837 2973 1
856 2927 935 2988 42,6
954 2923 1035 2990 (2-5
1054 2920 1192 2990 Livius?).

243 2999 258 3045 5
277 2993 312 3059 cf.
332 2991 418 3047 schol.
439 2994 475 3046 ad
497 2993 555 3046 luv.
575 2998 662 3059 8,105
686 2996 760 3063 (pag.
781 2997 832 3046 295
855 2992 938 3060 lahn,
962 3009 1030 3047 corr.
1046 2991 1192 3061 Biicheler)

174 3063 313 3117 Antonius
332 3065 418 3117 trium
432 3065 618 3118 Antoniorum
632 3066 778 3134 corruptus
792 3063 848 3118 ille.
883 3064 1033 3118 Sallustius
1054 3064 1113 3133 ‘qui
1127 3079 1193 3118 orae

174 3135 335 3189 maritimae
358 3152 414 3204 qua
432 3137 590 3190 Romanum
613 3137 688 3190 esset
709 3136 877 3205 imperinm?
917 3136 1073 3190 contrarius
1092 3135 1193 3204 piratis

176 3208 255 3274 (t-'l
275 3205 462 3276 Sullanam).

243 3319 444 3376 aMetelloO
532 3326 564 3375 13
589 3322 625 3375 ad
645 3321 725 3376 adO
780 3322 911 3376 mendaci
930 3323 994 3378 Omo
1085 3327 1117 3376 19
1143 3324 1193 3377 luc.

176 3396 193 3444 3
208 3407 255 3446 em.
267 3393 301 3460 -1-
315 3408 363 3446 co.
379 3393 427 3446 liu.
439 3417 473 3438 =
487 3397 524 3447 24
539 3394 589 3448 litt.
609 3395 665 3448 ἀπὸ
682 3394 841 3461 προεώπων
860 3399 906 3450 καί
924 3396 980 3450 ἀπὸ
997 3396 1115 3460 γένουεῖ

177 3467 210 3515 20
240 3464 288 3517 luc.
309 3461 358 3534 3¹l,
375 3479 423 3517 cm.
440 3489 473 3509 =
494 3468 510 3518 7
529 3464 579 3518 ltu.
600 3467 714 3520 ἔπαινον
732 3467 822 3534 suppl.
840 3465 878 3520 Or
984 3471 1015 3518 21
1044 3463 1193 3534 magistra·

175 3534 280 3587 tumO
369 3539 401 3587 27
429 3533 585 3588 notabilem
605 3536 627 3590 0
1040 3567 1043 3574 .
