2676 3876
187 225 251 290 140
568 225 639 281 PRO
663 225 819 282 PLANCIO

185 394 217 452 id
249 393 404 454 confirmat
434 398 589 472 paratum,
621 398 656 455 ut
688 396 797 455 aediles
831 397 1022 469 sortirentur,
1059 396 1201 471 quoniam

185 483 314 542 discerni
336 485 508 543 huiusmodi
530 486 725 562 magistratus
748 486 808 544 nisi
831 487 910 543 sorte
932 503 992 542 non
1013 487 1143 560 possent.

90 577 166 638 §55-
255 571 323 631 Gur
367 592 435 632 non
481 575 557 632 eius
602 574 831 633 damnatione
872 573 1014 648 aliquid
1055 572 1098 632 ad
1138 574 1203 632 boc

185 662 361 720 iudicium
388 663 613 738 praeiudicii
636 660 876 738 comparasti?

327 750 439 810 Probat
461 753 561 827 ipsum
584 751 788 811 adversarium
810 751 958 813 iudicasse
980 751 1057 810 nihil
1080 753 1201 810 omnino
1225 771 1242 810 s

169 840 363 915 ‘suspicionis
387 859 460 914 esse,
483 839 563 916 quod
585 841 618 899 in
639 841 796 900 Plancium
818 842 920 917 posset
933 839 1054 899 oboriri
1077 859 1112 898 ex
1134 860 1201 916 per·

124 927 126 931 ’
185 946 258 987 sona
281 930 357 1002 eius,
389 931 441 1004 qui
464 919 576 988 divisor
602 930 694 990 firisse
723 929 875 1004 videatur,
907 931 1048 1004 quoniam
1076 929 1201 989 eundem

183 1036 280 1093 neque
309 1036 394 1076 reum
415 1018 519 1077 fecerit
541 1037 637 1093 neque
659 1019 754 1078 ullam
776 1019 825 1078 vel
847 1021 967 1078 tenuem
993 1018 1201 1095 probationem

183 1105 292 1165 habere
321 1106 461 1165 adversus
489 1125 556 1165 eum
587 1108 732 1182 potuerit,
764 1126 823 1184 quo
851 1107 991 1167 damnato
1019 1109 1082 1166 sine
1110 1106 1200 1166 dubio

183 1196 397 1270 consequenter
418 1194 569 1254 videretur
592 1195 628 1253 de
650 1195 772 1254 Plancio
795 1196 1041 1271 praeiudicatum,
1214 1216 1242 1257 ro

96 1288 173 1349 §56-
251 1281 469 1352 Quibuscum
491 1302 555 1359 me,
583 1284 734 1359 iudices,
757 1287 976 1362 pugnantem
1002 1303 1097 1344 more
1124 1303 1199 1344 mco

183 1373 342 1446 pristino
366 1391 435 1431 non
457 1372 647 1447 videbitis3
670 1392 739 1432 non
763 1392 830 1447 quo
853 1373 941 1431 mihi
959 1374 1014 1433 fas
1032 1375 1082 1433 sit
1101 1375 1199 1449 quic-

183 1479 287 1536 quam
310 1460 493 1539 defugere,
517 1460 610 1538 quod
633 1463 730 1521 salus
754 1461 898 1521 Plancii
919 1464 1091 1538 postulet.

249 1549 406 1626 Figmento
435 1549 564 1626 quodam
591 1551 785 1610 verecundiae
814 1551 945 1611 declinat
977 1570 1042 1610 earn
1073 1553 1199 1627 partem,

183 1656 259 1713 quae
282 1639 469 1699 difficultatis
493 1640 609 1716 aliquid
626 1640 734 1699 habere
752 1640 891 1699 videatur
909 1640 1050 1700 adversus
1069 1659 1241 1716 quorun-1⁵

183 1727 252 1786 dam
274 1729 448 1788 testimonia
470 1729 609 1788 contendi
636 1731 667 1788 et
689 1748 749 1787 non
772 1731 835 1788 sine
860 1774 917 1804 ...,
945 1748 1005 1805 qua
1028 1748 1058 1788 se
1081 1749 1199 1788 omnem

182 1815 304 1876 Plancio
338 1817 570 1877 sollicitudinem
597 1817 702 1876 debere
728 1820 865 1876 testatur.
917 1816 966 1877 Sic
994 1820 1024 1877 et
1050 1819 1199 1896 religioni,

181 1923 273 1981 quam
299 1907 416 1984 magnis
443 1906 593 1965 beneficiis
625 1907 687 1964 eius
720 1905 819 1982 debat,
852 1907 1001 1966 satisfacit
1032 1910 1063 1966 et
1092 1907 1200 1983 pedem

180 1995 273 2053 refert
291 1994 328 2053 ab
347 1997 543 2054 insectatione
561 1996 691 2070 testium,
711 1995 817 2070 quibus
836 1995 911 2055 dicit
929 2013 990 2056 esse
1009 1997 1198 2071 parcendum.

84 2087 99 2148 ξ
119 2088 161 2136 58.
249 2081 290 2141 In
313 2101 393 2159 quo,
418 2082 534 2157 Oassi,
562 2085 592 2142 si
614 2083 684 2141 tibi
706 2085 760 2143 ita
782 2085 1017 2160 respondeam
1039 2087 1240 2145 nescissem

80 2219 86 2230 ,
181 2170 218 2228 id
239 2173 411 2247 populum
428 2172 591 2248 ltneque
613 2172 739 2247 fuisse,
763 2175 824 2248 qui
842 2173 878 2231 id
896 2173 998 2233 nobis
1017 2177 1198 2249 narraret,

181 2262 398 2335 praesertim
420 2263 560 2320 mortuo
585 2258 712 2339 (longo.

247 2347 402 2408 Iuventiae
420 2349 563 2425 familiae,
582 2369 616 2409 ex
631 2370 690 2426 qua
703 2350 873 2410 Laterensis
892 2353 1063 2410 contextum
1081 2354 1196 2430 generis

179 2437 320 2512 habebat,
357 2438 536 2515 probaturus
573 2441 703 2498 veterem
739 2439 929 2500 nobilitatem
961 2439 1080 2501 Cassius
1110 2460 1196 2517 prae

178 2527 345 2587 lactaverat
377 2529 455 2588 hunc
482 2528 610 2588 aedilem
637 2531 734 2604 primo
762 2532 832 2588 ante
860 2530 935 2589 alios
962 2529 1027 2590 loco
1055 2529 1120 2589 fieri
1147 2530 1195 2589 da
1210 2548 1238 2588 aa

178 2615 284 2676 buisse.
410 2619 505 2696 igitur
531 2619 564 2676 in
592 2618 717 2677 eundem
746 2616 881 2678 Cassium
907 2620 989 2678 facta
1015 2619 1054 2677 Μ.
1079 2619 1196 2678 Tullius

178 2709 269 2784 negat
291 2708 475 2783 populum,
498 2707 530 2765 id
553 2711 598 2767 est
616 2708 723 2784 wulgus
746 2709 945 2784 inperitorum
962 2708 1094 2768 iudicare
1112 2710 1196 2785 peni-

177 2797 226 2854 tus
259 2795 294 2854 de
326 2797 460 2854 familiae
492 2797 626 2855 clarioris
653 2796 811 2856 nobilitate
838 2798 983 2872 potuisse,
1015 2799 1050 2855 ut
1075 2798 1195 2856 nonnisi

177 2884 333 2958 peritiores
365 2886 524 2944 vetustatis
562 2888 592 2944 et
628 2887 679 2961 qui
717 2886 930 2960 antiquitatem
965 2905 1018 2961 per
1053 2885 1194 2945 historias

245 3112 260 3159 3
280 3106 461 3162 damnatione
479 3107 554 3162 codd.
570 3108 623 3162 Cio.
643 3107 819 3161 damnationi
839 3108 903 3163 Ome
975 3114 991 3162 5
1015 3111 1064 3164 loc.
1080 3127 1127 3164 aa.
1144 3111 1191 3164 lia.

178 3178 211 3246 -l-
226 3182 243 3231 4
257 3194 304 3232 cna
316 3205 349 3223 =
363 3183 402 3233 26
414 3180 465 3233 litt.
481 3179 642 3247 ἐπιχείρημα
661 3182 781 3234 ἀπὸτοῦ
798 3185 895 3247 καιροῦ
914 3180 1003 3248 suppl.
1013 3181 1055 3251 Zp
1073 3183 1129 3235 ἀπὸ
1141 3186 1193 3248 τῆ(

176 3246 293 3303 uereor
311 3255 362 3303 τοῦ
382 3250 542 3304 ἀντιδίκουῬ
615 3255 647 3303 12
666 3249 847 3318 pristinonG
918 3255 950 3303 15
971 3253 1003 3316 {1-
1075 3257 1108 3306 16
1127 3268 1193 3305 con-

177 3317 441 3374 tendendiWuader
495 3321 544 3374 loo.
556 3320 651 3401 3³!4-j-
672 3319 722 3391 1³),
738 3337 785 3375 cro.
796 3347 830 3366 =
846 3325 880 3374 14
899 3322 949 3376 titt.
970 3324 1156 3390 (υγχωρὴεει2

177 3403 233 3456 qna
242 3389 274 3443 st
288 3405 360 3456 quae
371 3391 435 3444 Ome
490 3395 523 3444 20
533 3391 575 3443 ita
584 3390 638 3443 trbr
648 3392 785 3446 ceddum
845 3396 877 3444 21
890 3391 958 3459 quid
964 3410 1017 3461 pro
1032 3394 1081 3462 qui
1090 3394 1155 3450 idG

177 3464 210 3512 22
226 3457 320 3529 Congo
334 3461 410 3514 codd.
422 3462 476 3516 Oia
491 3460 583 3515 Conco
598 3462 662 3516 Omo
726 3468 759 3515 24
775 3461 955 3516 documen
1018 3470 1051 3518 26
1067 3464 1191 3519 decuisse

177 3529 201 3584 0
266 3535 300 3583 26
320 3532 612 3600 lao.2-{-1om.=10
623 3533 672 3588 litt.
688 3536 852 3603 ἀποετροφῇ
862 3535 951 3603 suppl.
962 3535 1004 3606 Zp
1054 3534 1194 3590 factamO

175 3599 252 3653 facta
270 3599 307 3653 M.
328 3601 466 3657 Wundero
484 3602 560 3656 facta
578 3603 620 3674 Zp
693 3609 725 3657 22
745 3605 876 3673 paenitus
896 3607 960 3661 Omo
