2664 3886
2 236 6 324 l

591 254 738 316 sis-re.
836 309 837 316 Ν
1125 253 1166 318 51

154 435 222 476 cum
241 417 321 477 solus
337 417 524 478 Maeandrius
544 419 582 478 cd
599 418 802 479 testimoninm
822 419 977 479 dicendum
994 424 1169 497 processerit

154 507 244 566 nullis
267 507 448 566 ornamentis
466 507 515 566 rel
532 527 648 568 morum
666 509 715 568 vel
733 508 890 586 dignitatis
912 511 1083 570 menuctus.
1119 511 1169 570 Itc

154 594 235 672 quod
270 595 404 655 validum
440 614 502 656 esse
539 601 642 656 contra
682 597 822 656 Flaccum
857 602 988 674 poterut,
1029 619 1064 658 ex
1100 618 1167 659 oon·

153 684 347 760 tcmpleln‘one
382 685 495 762 publici
531 687 695 745 testimonii
730 705 784 762 pro
819 686 933 746 abiecto
965 687 1169 764 accipiendum

128 773 303 834 svidebitur
325 793 384 833 uno
406 775 545 850 loquente
569 776 600 834 ot
622 793 665 849 oo,
689 777 741 851 qui
759 775 877 834 nonsit
896 777 1168 853 uliqushonestute

153 862 303 922 subnixus

220 951 332 1021 Quasi
353 952 580 1011 ministrator
601 953 735 1012 aderat.
1187 961 1262 1022 §os

220 1035 456 1116 Mesutponssdi'c
479 1043 585 1118 accipe.
623 1042 856 1102 Ministrutorsm
878 1037 953 1123 [his]
987 1043 1064 1102 enim
1088 1043 1169 1118 dicit,

154 1130 207 1206 qui
237 1130 300 1190 tols
331 1129 547 1208 gladiatoribus
580 1129 726 1209 suggerit3
761 1132 800 1190 ud
832 1151 920 1207 quem
951 1133 1072 1192 modum
1103 1134 1169 1193 vult

113 1237 140 1277 ro
152 1218 288 1296 intellegi
311 1221 401 1278 etium
424 1220 462 1279 ab
485 1220 541 1280 hoc
560 1218 781 1280 accusatoribus
799 1222 924 1281 crimino
942 1221 1167 1282 subministrum.

218 1306 410 1376 Qusrosi
454 1308 546 1368 huno
590 1308 724 1368 hubent
767 1313 947 1370 auctorem
988 1311 1168 1372 Tralliani

153 1396 288 1456 doloris
312 1400 374 1457 sui.

298 1485 392 1546 Potcn

453 1592 583 1666 (Desunt
611 1591 699 1652 VIII
711 1592 866 1668 purime.)

113 1734 138 1775 re
219 1719 345 1777 ...tem
368 1716 407 1776 ud
430 1718 616 1777 consulatum
637 1735 731 1792 usque
752 1719 930 1794 pervenerit,
952 1718 1005 1776 ille
1027 1737 1097 1777 vero
1120 1719 1167 1778 de·
1187 1723 1202 1783 t
1223 1698 1263 1771 ll.

151 1805 250 1879 posits
276 1805 436 1866 tribunicia
457 1807 606 1884 potestate
633 1806 790 1866 damnatus
814 1809 865 1881 sit3
898 1809 928 1865 et
949 1805 1169 1866 firmamentum

152 1892 244 1953 edicit
274 1895 343 1956 huic
375 1895 628 1974 argumentationi
743 1896 822 1954 hunc
854 1914 971 1971 quoque
1003 1895 1168 1954 Decianum

151 1983 227 2052 nihil
264 1987 338 2060 aput
373 1986 505 2044 animum
536 1983 637 2044 Flacci
668 1984 811 2044 resedisse
844 2003 878 2043 ex
909 1985 971 2044 illis
1002 1985 1167 2046 inimicitiis

147 2069 323 2149 credidisse,
369 2073 608 2150 quondoquidem
648 2091 708 2132 non
749 2073 931 2133 dubitaverit
970 2072 1024 2132 sub
1065 2073 1167 2133 codem

112 2179 138 2218 eo
151 2160 271 2220 tribuno
294 2163 431 2220 militare.

219 2249 302 2310 Cum
327 2250 471 2326 prodire
499 2252 628 2327 nollet3
654 2271 723 2311 nou
751 2253 805 2312 est
826 2252 891 2311 hoc
913 2252 949 2309 in
972 2251 1167 2327 absentem„
1186 2254 1201 2314 5
1221 2254 1262 2303 78.

151 2338 211 2398 sed
232 2340 269 2396 in
291 2340 472 2398 latentem.

301 2428 438 2487 Breviter
475 2431 504 2487 ct
540 2429 675 2506 expedite
710 2447 764 2505 per
795 2428 997 2488 definitionem
1029 2429 1167 2506 probarit

151 2517 226 2576 nihil
252 2517 354 2592 inique
380 2518 526 2576 iudicasse
548 2519 701 2593 Flaccum,
724 2517 844 2594 quaudo
871 2535 902 2576 se
929 2535 988 2576 non
1016 2518 1167 2577 absentem

111 2607 242 2665 soluisse
273 2605 379 2682 probet
410 2624 444 2664 eo
476 2609 622 2684 tompore,
654 2624 712 2681 quo
744 2607 892 2666 sententis
922 2605 1002 2664 dictu
1032 2607 1084 2681 sit,
1116 2607 1167 2666 sed

151 2694 268 2770 prodire
295 2693 424 2755 noluisse
451 2695 583 2755 fatentur
610 2695 699 2754 sede
726 2693 906 2754 couscientia
927 2695 1024 2753 mulce
1052 2713 1166 2754 censue.

217 2782 338 2858 Mitto,
382 2783 475 2861 quod
520 2784 652 2858 alienu,
696 2785 816 2860 mitto,
865 2783 957 2859 quod
1001 2802 1262 2865 possessugrs,

151 2891 212 2949 per
246 2891 324 2931 vim.

219 3064 233 3112 1
261 3058 423 3113 Meandrius
443 3060 507 3115 cmo
529 3062 563 3128 cf.
583 3060 621 3113 ad
639 3065 682 3125 50,
702 3065 734 3113 26
834 3066 851 3113 4
880 3059 989 3114 adiecto
1010 3060 1034 3114 0
1054 3059 1165 3115 adfecto

150 3146 207 3198 mc,
225 3145 294 3184 corr.
309 3131 351 3200 Zq
431 3135 446 3184 '1
472 3131 648 3185 ministratur
667 3131 691 3186 0
759 3135 776 3184 8
800 3129 1095 3203 ministremus-l
1116 3133 1164 3188 ms

150 3201 231 3256 ΕΝΙΜ
249 3201 333 3257 thlT
347 3201 566 3256 ministratorem
583 3202 608 3256 is
622 3202 698 3257 enim
711 3201 783 3256 dicit
799 3219 835 3268 m,
853 3218 922 3258 corr.
936 3201 974 3256 Or
991 3201 1165 3257 ministrator

150 3272 175 3326 is
189 3271 265 3326 enim
281 3272 387 3326 dicitur
400 3275 442 3343 Zq
504 3279 537 3328 13
558 3275 767 3329 ..ΑΤΗ....Η
782 3275 928 3343 priorisse.
942 3289 990 3328 sca.
1007 3274 1057 3329 titt.
1077 3275 1165 3330 ultera

150 3345 201 3416 3¹f‚
221 3361 270 3398 cin.
286 3369 319 3388 ε
338 3349 356 3400 6
373 3345 425 3400 litt.
443 3347 562 3400 conticet
605 3346 705 3416 potenti
725 3346 748 3400 O
763 3347 894 3413 potenter
911 3345 953 3398 cel
969 3345 1164 3414 potentissime

149 3416 239 3485 suppl.
250 3415 283 3470 St
355 3421 387 3469 17
402 3416 452 3471 lac.
463 3422 479 3470 4
489 3433 537 3470 esu.
548 3418 582 3485 -t-
592 3433 640 3470 un.
651 3417 699 3470 lin.
709 3441 743 3462 ==
753 3420 790 3470 24
802 3417 853 3472 list.
864 3418 920 3472 dud
934 3421 992 3470 τῶν
1007 3419 1098 3484 ἔργων
1112 3423 1163 3472 τοῦ

150 3486 311 3542 ἀντιδίκουῖ
383 3492 415 3540 21
436 3486 524 3541 nolles
543 3488 619 3542 codd.
635 3489 690 3543 Cic.
708 3485 825 3543 nolstG
893 3492 927 3540 23
947 3489 996 3542 lac.
1012 3490 1163 3557 5-1-20m.

151 3583 185 3604 =
197 3562 232 3613 16
246 3559 297 3614 lic.
311 3563 402 3626 (χῆμα
416 3560 528 3626 toronos)
543 3559 633 3628 suppl.
642 3560 684 3629 Ζρ
697 3561 784 3614 rouo(
797 3558 848 3627 ἀφ’
861 3562 993 3627 cotenon?
1065 3564 1099 3612 26
1114 3559 1164 3613 sed

152 3629 188 3683 de
208 3628 232 3684 0
247 3644 297 3683 om.
313 3647 340 3683 m
358 3628 466 3684 scilicet
484 3630 518 3683 de
537 3629 569 3685 fit
587 3629 622 3684 do
639 3631 681 3700 Ze

974 3718 1005 3772 4*
