2664 3886
173 225 216 290 62
566 226 638 282 PRO
660 226 799 282 MEONE

173 397 331 456 securitate
363 395 543 456 conscribsit.
591 395 648 455 Sed
681 398 772 472 enim,
804 415 872 454 cum
902 396 980 455 ratio
1012 395 1191 454 defensionis

171 487 260 545 huius
288 485 483 560 ordinaretur,
514 503 644 562 quonam
670 486 757 545 modo
786 488 816 544 et
842 485 1002 544 secundum
1029 501 1117 560 quem
1139 502 1191 560 po

172 576 321 635 tissimum
352 576 464 633 statum
495 575 546 652 agi
580 593 635 650 pro
666 575 777 634 Milone
813 576 975 650 oporteret,
1010 572 1049 630 M.
1080 573 1191 634 Brutus

173 665 356 724 existimarit
381 658 462 722 κατὰ
485 657 742 740 ἀντίεταεινριο
770 681 889 723 ecesse
916 662 1087 736 dicendum,
1115 679 1191 738 queo

173 752 299 813 anobis
321 754 493 812 nominatur
515 753 645 829 qualitas
673 754 903 828 compensativa
948 751 1014 811 Hoc
1041 753 1190 811 enimvero
1218 771 1232 812 s

175 842 309 902 Ciceroni
330 843 428 901 visum
451 845 496 901 est
513 861 621 918 parum
640 841 769 916 salubre,
796 859 866 902 nam
888 841 996 900 maluit
1018 835 1190 913 ἀντεγκλή·

173 947 273 1005 ματοε
296 932 402 1007 specie,
425 931 457 989 id
481 933 526 989 est
547 931 610 989 rela
626 977 631 987 .
647 976 676 989 ..

476 1019 605 1092 (Dcsuat
632 1019 721 1078 VIII
735 1018 889 1094 popinae.)

95 1112 154 1172 il·
322 1111 465 1168 vestrae
496 1109 735 1184 quaestionis,
766 1108 937 1167 videntur
963 1125 1003 1166 ea
1035 1125 1110 1166 esse
1137 1124 1190 1165 re-

174 1197 338 1269 futanda,
366 1214 455 1273 quae
477 1199 513 1254 et
535 1198 572 1254 in
595 1200 721 1256 senatu
745 1196 786 1256 ab
809 1198 969 1256 inimicis
1205 1215 1233 1255 uo

241 1287 329 1345 dixit:
347 1287 409 1344 iam
432 1285 562 1344 detraxit
583 1286 630 1344 illi
652 1286 769 1345 decreto
793 1287 1002 1345 auctoritatem
1099 1285 1191 1343 mala·

175 1375 331 1436 valentiae.
377 1374 418 1434 Et
439 1375 519 1450 quod
542 1375 660 1434 addidit
682 1376 785 1435 statim

241 1466 387 1524 iactata
409 1466 493 1523 sunt

240 1571 300 1613 non
332 1551 498 1628 decretas
521 1569 580 1613 nou
612 1553 766 1626 statuta,
801 1570 860 1612 non
892 1551 1069 1626 iudicata,
1099 1549 1190 1610 verbo

175 1661 245 1703 usus
277 1645 322 1702 cst
349 1641 509 1701 efficaciter
535 1642 574 1702 ad
601 1642 816 1701 deuehendum
842 1641 957 1718 pondus
984 1641 1031 1699 illi
1057 1642 1231 1700 senatus-1⁵

175 1733 318 1806 consulto,
338 1750 396 1808 quo
414 1749 481 1790 reus
500 1734 651 1809 moratur.
681 1730 753 1791 Post
771 1730 844 1790 haec
861 1732 954 1790 etiam
971 1728 1191 1808 significaturus

174 1821 272 1899 legem
295 1819 468 1896 Pompeiam

241 1909 286 1969 Et
307 1911 345 1968 in
368 1910 535 1969 contione
559 1907 600 1968 ab
623 1907 787 1984 inprobis

241 2000 347 2074 inquit.
375 1997 533 2057 Molestum
546 2015 674 2073 namque
688 1997 802 2071 fuisset,
821 1997 878 2056 sia
896 1997 1029 2073 populo
1048 1996 1190 2056 adiceret:

175 2088 212 2147 ab
234 2088 365 2161 mprobis
386 2087 503 2161 meluit,
525 2089 561 2145 ut
581 2105 618 2144 ne
635 2085 713 2144 illud
730 2085 919 2162 plebiscitum
941 2104 995 2162 pro
1014 2085 1232 2164 gravissimam

175 2175 341 2236 ducendum
355 2177 403 2250 sit,
417 2175 497 2252 quod
509 2174 629 2251 inprobi
642 2177 673 2233 et
686 2175 836 2234 studentes
848 2176 975 2234 iniuriae
985 2175 1189 2252 conceperunt

175 2265 223 2324 Ad
242 2267 405 2324 extremum
423 2265 512 2323 tertio
529 2263 627 2342 gradu
645 2265 678 2322 in
695 2264 774 2322 huuc
792 2265 904 2322 exitum
921 2264 1044 2324 desinit:

241 2353 287 2412 Et
309 2353 416 2430 paulo
440 2355 522 2412 ante
544 2353 587 2412 ab
611 2351 894 2412 accusatoribus.

243 2441 337 2502 Omne
368 2443 460 2516 euim,
492 2441 571 2519 quod
603 2445 788 2502 accusatores
820 2442 1096 2515 comminiscuntur,
1130 2457 1191 2500 uon

176 2533 336 2610 aequitatis
357 2531 478 2606 iudicio,
500 2531 551 2592 sed
574 2530 699 2591 nocendi
721 2533 872 2608 proposito
894 2531 1066 2591 moliuntur.
1109 2529 1191 2588 Haec
1203 2545 1231 2587 ae

243 2708 259 2757 3
278 2703 313 2770 cf.
332 2702 433 2757 Ancon.
453 2701 483 2754 in
501 2701 597 2756 lIilcn.
618 2706 661 2768 30,
676 2705 756 2770 seqq.
794 2698 910 2764 Quintil.
928 2699 966 2753 111
986 2704 1010 2765 6,
1026 2704 1066 2753 93.

243 2870 259 2916 4
287 2864 367 2918 coba
384 2879 483 2936 praeca
503 2863 693 2917 Ootramcato
711 2861 821 2930 scripsit
923 2864 938 2913 6
967 2858 1192 2925 ἀντεγκλὴματοε

176 2938 218 3006 Zp
241 2933 562 3018 ...Ε...Λ...Ι..“.Ε
586 2935 681 3017 primo
704 2928 1191 3016 lac.1¹s‚,cltera1,tertio1¹s‚‚

176 3006 349 3133 mistel
374 3023 422 3061 “l
441 3010 687 3145 liliatam
710 3004 761 3127 ‘ll‘
777 3003 1135 3142 estimare
1183 3041 1189 3052 ·

176 3150 275 3204 addito
301 3095 381 3204 solstq
405 3147 442 3202 ab
469 3146 592 3200 inimicis
620 3161 704 3215 saepe
726 3145 833 3200 iactata
860 3147 933 3200 suut
956 3160 1022 3198 nam
1044 3141 1120 3226 quod
1177 3108 1187 3141 ⁵

179 3227 209 3274 11
234 3227 299 3288 post
324 3219 433 3274 verbm
460 3217 658 3272 auctoritatem
684 3234 703 3270 a
731 3217 762 3289 0,
792 3215 891 3270 adcisa
917 3223 998 3272 sant:
1024 3231 1082 3296 cur·
1097 3213 1191 3296 potest

176 3293 292 3414 propter
310 3289 467 3344 simultates
485 3287 719 3371 inessenstudium
737 3303 784 3358 epo
803 3288 930 3370 mousom
947 3287 1035 3343 motai
1052 3284 1190 3357 <insimu-

188 3359 323 3432 atuone>t
394 3359 627 3415 malaeuolent1ae
652 3359 675 3414 0
768 3363 800 3412 13
823 3361 899 3412 iacta
924 3359 957 3425 0,
985 3371 1120 3412 ceramo

179 3490 211 3538 16
240 3434 418 3541 mffiwk
513 3487 546 3538 18
574 3483 781 3538 contentionem
810 3483 834 3538 0
925 3487 959 3536 20
987 3481 1053 3535 illut
1081 3481 1104 3536 0

179 3614 212 3662 24
237 3605 644 3679 ouosffieaccuscroaes
721 3613 754 3662 ee
781 3570 949 3679 saturno-t
