2670 3876
95 412 110 471 a
131 409 172 459 aa.

97 1850 112 1910 a
132 1849 173 1898 aa.

182 237 204 300 4
483 235 523 289 m
546 235 574 290 o.
589 217 742 290 vaaaau
765 236 843 292 nou.
862 238 888 290 11

250 405 433 464 Plaustris
458 409 583 464 avecta
607 408 868 482 exportataque
891 425 975 466 osse.

247 493 527 554 Animadvertamus
566 496 722 571 plerasque
755 495 834 572 apud
860 495 900 554 M.
924 495 1056 554 Tullium
1085 515 1193 572 conpo-

182 585 304 644 sitiones
331 602 391 643 non
418 584 568 658 lascivire,
598 584 649 643 sed
676 583 715 643 ad
737 584 866 662 rigorem
892 585 1053 645 vetustatis
1080 585 1192 644 inferri.

182 672 268 743 Quod
300 674 399 732 autem
429 675 579 748 pertineat
615 672 654 732 ad
685 673 829 733 virtutem
864 674 958 749 partis
995 674 1098 748 huius,
1134 693 1194 733 non

182 763 286 820 intulit
304 763 482 820 nominatim
496 763 589 840 signa,
608 764 683 838 quot
702 762 860 822 abstulisse
873 762 1013 838 Aspendo
1027 762 1193 838 videbatur,
1221 781 1233 822 a

182 850 233 910 sed
263 870 330 910 cum
357 852 535 928 generaliter
562 851 684 911 dixisset
710 853 847 924 plostris,
879 853 923 910 ait
950 855 1099 926 apertura
1126 869 1193 920 esse,

182 942 216 998 ut
248 939 284 999 de
312 941 458 1015 qualitate
484 941 687 1000 vehiculorum
715 942 872 1016 appareret
898 941 1059 1000 multitudo
1092 959 1194 1000 eorum

183 1048 259 1104 quae
281 1030 402 1104 plostris
426 1031 531 1088 avecta
553 1031 621 1088 sint.

248 1126 468 1202 Aspendium
491 1127 730 1186 citharistam.

250 1215 449 1274 Simulacrum
471 1215 545 1274 dicit
571 1217 660 1275 huius
683 1216 855 1275 citharistae
883 1216 1040 1276 abstulisse
1062 1216 1192 1276 Verrem.
1209 1237 1234 1277 ro

182 1303 286 1363 Fuisse
305 1306 405 1363 autern
423 1305 518 1363 fertur
535 1306 638 1363 tantae
657 1305 842 1379 subtilitatis,
860 1308 972 1364 utnon
990 1308 1090 1364 exerta
1103 1325 1194 1364 manu

183 1411 288 1452 nervos
316 1394 448 1453 citharae
470 1393 639 1469 inpelleret,
666 1394 717 1454 sed
743 1412 887 1470 perquam
910 1395 1034 1454 occultis
1056 1394 1194 1468 motibua

184 1501 218 1542 ac
235 1484 394 1558 propterea
412 1483 638 1558 proverbialiter
656 1482 752 1542 dictus
772 1486 816 1542 est
834 1479 880 1542 ‘in
898 1503 928 1544 se
947 1479 1065 1544 canere’
1081 1484 1193 1544 solitus.

184 1571 338 1647 Simulque
375 1574 475 1631 orator
511 1569 698 1647 χαριέντως,
739 1577 773 1632 ut
811 1575 896 1632 illum
935 1576 1046 1647 ipsum,
1087 1574 1194 1648 inquit,

183 1663 309 1732 1111111110
330 1678 484 1734 superasse
505 1662 640 1722 uideatur
666 1661 850 1722 pallidiorem
872 1662 1012 1722 videlicet
1038 1663 1194 1722 ostendens
1209 1681 1234 1721 re

183 1749 261 1808 hunc
283 1751 316 1808 in
338 1748 463 1809 furando
487 1770 577 1825 quam
599 1751 686 1809 illum
708 1753 740 1808 in
763 1751 924 1827 psallendo.

251 1845 359 1922 Quae,
382 1848 525 1922 malum,
549 1851 603 1906 est
625 1850 698 1907 ista
721 1848 872 1908 audacia
890 1853 997 1924 atque
1017 1846 1194 1908 amentia?

249 1927 299 1995 Ne
321 1937 495 2014 infrigescat
512 1939 641 2013 impetus
660 1939 866 2011 accusationis,
889 1941 1049 2014 postquam
1066 1937 1196 1997 breviter
1218 2015 1221 2020 Ι

185 2026 281 2083 multa
311 2027 480 2100 proposuit,
512 2025 604 2084 adicit
630 2026 710 2085 locos
734 2025 919 2086 vehementes
953 2026 992 2086 ad
1018 2028 1194 2104 augendum,

185 2117 220 2171 ut
237 2113 333 2186 iudex,
352 2116 512 2189 postquam
525 2114 672 2189 didicerit,
690 2115 903 2190 inflammatum
922 2118 1101 2194 congregata
1116 2117 1195 2175 enim
1209 2135 1235 2175 ro

186 2203 293 2261 debent
315 2220 378 2262 esse
401 2202 473 2261 haec
495 2203 593 2263 officia
611 2203 736 2263 dicentis
756 2207 786 2262 et
803 2206 930 2263 maxime
948 2207 981 2263 in
999 2206 1195 2265 accusationi-

185 2290 253 2363 bus,
277 2293 311 2349 ut
332 2290 534 2369 indignationi
557 2293 638 2352 oalor
660 2293 832 2352 subiciatur.

252 2387 373 2464 Neque
396 2391 432 2446 in
456 2389 660 2449 suburbana
683 2392 884 2450 amicorum.

252 2477 445 2537 Hortensium
471 2481 629 2555 praecipue
656 2479 775 2539 videtur
801 2479 981 2558 significare,
1013 2482 1066 2555 qui
1094 2481 1195 2540 huius-

186 2566 267 2625 modi
298 2569 392 2643 signis
425 2570 455 2626 et
485 2567 596 2627 tabulis
632 2570 721 2644 pictis
758 2569 948 2629 familiariter
984 2568 1194 2630 delectabatur.
1209 2590 1235 2630 aa

186 2655 221 2714 Id
252 2655 439 2715 manifestius
471 2658 504 2713 in
533 2657 693 2717 Hortensio
726 2657 856 2717 ostendit
887 2658 1020 2736 dialogo:
1059 2657 1133 2718 Ouue
1164 2661 1196 2718 iu

185 2746 258 2804 uilla
298 2745 419 2804 Luculli
454 2746 582 2805 *balbum
623 2751 694 2806 esset
734 2750 812 2806 moui
851 2753 999 2821 apparatu
1038 2749 1196 2808 cauata

186 2838 272 2893 oruut
324 2879 330 2891 .

186 2990 399 2998 ——-—-.

255 3080 268 3127 1
280 3077 377 3130 evecta
385 3074 462 3130 codd.
469 3075 523 3130 Cio.
560 3076 857 3132 tanimauertamueO
890 3079 991 3169 ouquod
1003 3079 1032 3143 0,
1041 3094 1108 3133 corr.
1121 3078 1162 3132 Gr

188 3188 366 3257 dploetriO
436 3196 468 3243 12
499 3190 634 3260 inpellere
654 3193 690 3259 Ο,
712 3209 814 3248 corno
859 3160 1015 3257 mdbbueO
1082 3199 1115 3247 13
1134 3210 1197 3262 pro-

187 3259 282 3313 verbio
310 3259 393 3314 aliter
421 3262 454 3329 (J,
486 3278 552 3318 corr.
581 3263 606 3316 Ι.
629 3264 665 3317 F.
691 3264 774 3318 Grou.
852 3264 927 3318 intus
955 3279 1054 3318 canere
1083 3265 1138 3319 Gra

189 3336 223 3383 14
250 3347 393 3398 χαριεντοε
412 3332 446 3398 0,
464 3349 531 3388 corr.
546 3334 714 3389 LRGrou.
783 3341 816 3388 15
839 3336 1013 3404 superaseO
1084 3339 1116 3389 17
1142 3334 1198 3389 ista

187 3402 268 3454 tanta
287 3401 361 3455 codd.
383 3403 436 3458 Cio.
492 3405 659 3460 amentiae*
737 3411 770 3459 21
799 3405 891 3460 officia
910 3407 1030 3461 dicentia
1052 3423 1086 3462 eu
1104 3406 1198 3461 officia

189 3473 218 3525 et
240 3471 360 3526 dicentis
383 3476 495 3530 corno
571 3481 603 3528 27
628 3475 720 3530 velum
741 3477 801 3532 Jao.
823 3471 907 3532 Grau.
962 3495 1025 3531 oum
1049 3478 1078 3531 in
1100 3477 1198 3532 villam

189 3541 299 3596 Luculli
321 3547 435 3598 ventum
462 3550 536 3601 esset
559 3547 635 3601 omni
656 3548 759 3618 (omnia
779 3549 812 3614 0,
835 3563 902 3603 corr.
922 3549 996 3603 [Γ.
1014 3549 1110 3618 Grou.)
1132 3565 1157 3603 a.
1172 3567 1196 3602 v.

189 3615 317 3667 ornatam
338 3615 457 3688 Madvig
