2664 3886
587 183 717 244 se-n.
1042 245 1044 250 ,
1121 177 1161 240 eu

147 347 243 408 videri
265 347 321 406 hoc
343 347 417 406 velit
438 348 503 423 ipso
526 348 690 424 instigante
712 348 863 405 incensam
886 347 1000 405 curiam
1023 348 1075 404 aut
1094 366 1162 406 eun·

147 437 214 494 dem
242 435 373 495 ardentis
401 437 500 495 cuniae
526 436 663 494 incendio
693 454 755 495 esse
787 435 974 509 deterritum,
1006 437 1163 511 quominus

147 526 200 584 diu
223 526 452 586 contionaretur.
498 524 538 583 Et
560 525 648 601 plane
746 525 825 600 quod
849 524 995 600 sequitur:

214 613 481 674 Intermortuae
504 616 702 688 contiones,

121 723 133 764 s
214 721 287 779 quas
316 704 461 778 suspicari
492 720 647 778 possumus
678 704 879 762 consternatas
902 702 1057 761 vicinitate
1072 694 1163 760 'flam-

147 811 270 853 marum.

110 921 112 925 -
214 879 308 949 Quae
331 880 473 956 quidem
496 881 527 940 si
549 881 714 955 potentia
737 883 790 939 est
813 879 1039 955 appellanda.

293 969 434 1028 definiens
461 969 660 1028 multifariam
686 987 746 1028 non
772 969 858 1027 iilam
875 970 1049 1044 potentiam
1072 969 1163 1027 fuisse

148 1057 305 1132 Ciceronis,
324 1059 375 1117 sed
393 1059 588 1118 iustissimam
606 1059 744 1134 gratiam,
762 1077 852 1133 quam
871 1075 986 1133 semper
999 1056 1164 1116 officiorum

108 1167 134 1208 m
148 1148 306 1208 seduiitate
329 1148 493 1207 meruisset.
744 1198 746 1204 .

209 1236 426 1313 Appelletur
444 1238 499 1294 ita
513 1254 597 1295 sane
613 1230 784 1312 [potentia],
798 1235 878 1293 dum
892 1253 932 1293 ea
945 1252 1007 1294 nos
1021 1236 1164 1292 utamur

146 1345 209 1403 pro
233 1325 349 1386 salute
372 1325 542 1385 bonorum
565 1326 690 1384 contra
713 1325 906 1382 amentiam
928 1324 1162 1398 perditorum.

288 1416 433 1474 concessit
454 1414 569 1490 aliquid
596 1414 633 1472 de
659 1414 806 1488 potentia,
834 1412 884 1472 sed
907 1413 1068 1489 vigilanter
1095 1411 1163 1470 sub·

146 1505 218 1562 iecit
248 1505 450 1578 exceptionem
481 1523 534 1578 per
641 1520 758 1560 omnem
786 1503 849 1560 vim
880 1500 979 1559 dicens
1011 1502 1163 1576 potentiae

106 1611 132 1652 ie
147 1611 217 1653 suae
239 1593 271 1650 in
289 1593 450 1668 perniciem
468 1593 616 1651 malorum
633 1608 687 1666 pro
706 1590 790 1650 bonis
810 1591 980 1649 constanter
1000 1592 1162 1664 operatam.

214 1679 321 1741 Cuius
359 1683 450 1740 enim
486 1681 526 1739 de
563 1682 701 1738 incesto
738 1682 863 1753 stupro
897 1678 1072 1738 iudicium
1103 1677 1260 1742 ‹ie-'sm

147 1770 315 1830 cernendi
346 1771 489 1830 senatui
520 1771 682 1846 potestas
716 1769 810 1827 esset
843 1768 979 1842 erepta,
1017 1766 1056 1825 de
1087 1769 1162 1827 eius

146 1861 301 1918 interitu
337 1861 416 1934 quis
452 1861 573 1934 potest
609 1857 752 1916 credere
788 1858 950 1916 senatum
986 1855 1162 1930 iudicium

147 1966 274 2008 novum
297 1947 588 2008 constituendum
610 1943 776 2023 putasse?

106 2055 132 2096 so
214 2082 263 2094 ...
293 2035 359 2096 Hoc
381 2035 498 2095 firmare
526 2035 678 2096 contendit
704 2054 758 2110 per
780 2035 981 2094 coniecturam
1003 2033 1039 2091 de
1063 2035 1162 2094 animo

147 2128 277 2186 senatus:
301 2126 377 2184 nihil
400 2145 467 2185 eum
486 2125 523 2185 ed
542 2124 743 2184 ulciscendum
761 2125 887 2182 mortem
905 2122 936 2180 P.
954 2120 1040 2182 clodi
1057 2123 1162 2183 volun·

145 2216 218 2274 tatis
235 2215 380 2274 habuisse.
418 2215 470 2273 Set
488 2216 522 2272 ut
540 2216 635 2292 magle
654 2232 721 2272 eum
735 2215 882 2291 gravaret,
902 2213 953 2288 qui
966 2214 1161 2289 interemptus

146 2306 203 2378 est,
231 2303 397 2379 exemplum
423 2303 459 2362 de
483 2302 655 2361 criminibus
679 2303 741 2360 eius
765 2300 941 2377 adsumpsit:
974 2301 1067 2377 quod,
1095 2319 1162 2360 cum

144 2394 226 2451 intra
258 2393 450 2455 caerimonias
482 2392 582 2452 Bonae
613 2391 694 2451 Deae
729 2392 874 2449 incestum
911 2408 978 2448 cum
1012 2389 1161 2466 pontificis

105 2500 131 2541 se
146 2500 235 2541 uxore
267 2483 398 2556 fecisset,
434 2481 510 2540 nihil
539 2499 634 2540 novae
670 2480 851 2555 quaestionis
878 2480 1011 2554 potuerit
1042 2482 1161 2538 senatus

213 2656 227 2705 1
258 2598 511 2723 ΙΡ78ὁΙὲΤΙΘὰΝΤΕ
594 2655 609 2702 3
639 2594 922 2772 ΟΟΝῇὸΝὰΚΘΤΙΙΚ
949 2647 973 2701 O
1050 2649 1081 2700 ic
1110 2649 1159 2701 lac.

146 2722 196 2794 574
207 2739 255 2777 σπι.
266 2723 405 2777 =1czitc
420 2723 519 2792 lcpe'tur
533 2721 552 2774 Ε
567 2722 607 2775 ccl
621 2721 640 2774 C
654 2721 695 2775 oct
750 2722 799 2785 ita,
813 2717 1000 2788 1111111474,
1012 2724 1075 2786 poet
1085 2723 1100 2771 1
1111 2735 1160 2772 ccc.

145 2811 233 2848 caeca
245 2795 302 2848 sicet
315 2798 527 2861 μεταφορικῶεῖ
589 2798 606 2845 4
624 2791 746 2862 spllcbac
764 2805 797 2843 ae
815 2789 889 2844 verbi
906 2788 1106 2842 intermontuce
1126 2791 1157 2843 in

144 2867 258 2920 sinistro
274 2865 398 2935 morpicc
415 2863 439 2919 0
455 2866 473 2917 Κ
492 2863 640 2932 adscripsit
710 2866 726 2915 5
746 2858 996 2932 SUSlSuSPthRt
1071 2865 1087 2914 8
1107 2861 1157 2914 loc.

145 2941 164 2991 2
175 2937 207 3005 7-
219 2935 269 3007 474
280 2937 322 2990 oct
330 2935 380 3007 474
392 2951 440 2990 cm.
452 2959 485 2980 =
497 2938 531 2989 17
539 2936 581 2989 ccl
594 2938 629 2988 13
639 2935 688 2988 titt.
700 2933 853 3001 ἀφοριεμὸε
865 2933 908 2986 eu
920 2933 1057 2998 διοριεμὸ(
1070 2933 1160 3000 suppl.

145 3008 188 3077 Zp
202 3008 263 3062 καθ’
277 3009 406 3075 opunte?
468 3011 500 3060 11
520 3021 588 3059 sane
605 3004 734 3074 potentia
753 3003 820 3056 dum
840 3002 904 3057 Omo
923 3017 990 3056 sane
1010 3001 1159 3055 dummodo

145 3078 222 3133 codd.
238 3078 291 3133 cie.
371 3083 403 3131 12
423 3077 542 3132 CONTR
623 3081 656 3129 13
676 3075 901 3144 1112740117-
915 3091 963 3127 aa.
979 3075 1028 3126 lic.
1043 3080 1094 3128 act
1111 3089 1159 3127 cc.

146 3151 194 3206 tin.
203 3175 237 3196 =
246 3153 283 3206 23
292 3155 344 3204 cut
353 3153 387 3204 17
397 3150 447 3204 litt.
458 3147 520 3202 κατ’
529 3148 681 3215 ἐπιτροπήν
690 3149 778 3216 suppl.
784 3146 827 3216 Zp
836 3147 907 3199 κατὰ
918 3145 1106 3212 cenapum?

146 3279 179 3328 14
195 3277 329 3329 lacuna
340 3300 373 3320 =
389 3278 422 3326 11
437 3274 487 3328 litt.
503 3272 686 3339 cveopicpov?
755 3275 788 3324 15
806 3215 996 3325 OPGRthtM
1071 3273 1103 3322 16
1124 3269 1159 3322 de

145 3344 195 3399 illo
218 3345 325 3401 incesto
348 3345 424 3400 codd.
441 3345 493 3399 θέο.
518 3343 627 3397 incestu
647 3342 710 3397 Omo
778 3347 811 3394 17
835 3342 932 3410 erepta
955 3340 989 3393 de
1011 3340 1086 3395 codd.
1104 3341 1158 3394 Cic.

145 3419 259 3486 ereptae
275 3418 297 3472 O
362 3421 397 3470 20
416 3417 466 3470 lac.
485 3419 564 3470 5cm.
575 3441 608 3460 =
624 3417 659 3466 12
674 3415 724 3468 lic.
740 3414 889 3479 ετοχαεμὸ(
907 3413 996 3480 suppl.
1007 3412 1049 3482 Zp
1094 3427 1159 3463 con·

144 3489 254 3543 iectura
274 3488 297 3543 Ο
366 3492 398 3541 21
419 3485 516 3542 Clodio
540 3486 564 3540 0
633 3489 666 3537 23
688 3483 834 3538 habuisset
854 3483 877 3538 Ο
896 3481 1029 3537 habuisse
1055 3484 1084 3535 et
1102 3497 1159 3550 mo,

145 3575 213 3615 corr.
228 3560 269 3630 Zp
342 3564 375 3612 24
399 3557 598 3612 incaestumO
667 3560 700 3608 25
719 3553 970 3609 uxoreffecissetO

970 3641 1001 3695 5*
