2670 3876
202 174 343 230 XXXVIII
601 175 815 231 PRAEFATIO.

207 346 237 401 et
269 360 330 401 una
361 342 507 403 columna.
557 345 663 420 Neque
695 363 765 403 vero
798 346 934 403 accurate
965 343 1081 403 definiri
1112 347 1220 420 potest,

207 435 353 506 quantum
386 433 470 492 desit,
518 434 638 492 Etenim
670 435 814 492 orationis
848 435 1079 492 commentarius
1110 436 1142 491 in
1171 452 1219 490 ex-

204 523 302 579 trema
324 521 531 596 quaternionis
549 521 647 581 LXIV
661 523 773 599 pagina
792 514 863 603 (43)
888 522 927 580 ad
948 521 1037 581 finem
1060 522 1219 597 perductus

205 629 266 668 non
289 612 343 684 est,
367 611 523 685 quaternio
538 609 635 669 LXVI
653 630 723 671 vero
738 611 918 670 Vatinianae
938 614 1056 686 partem
1078 611 1218 670 continet,

201 698 311 774 Itaque
338 698 370 756 in
398 702 594 775 quaternione
616 700 698 758 LXV
722 701 830 759 amisso
859 701 889 758 et
915 699 982 759 finis
1007 699 1161 759 Sestianae
1190 703 1219 758 et

202 787 325 846 initium
338 787 521 847 Vatinianae
539 791 686 864 scriptum
704 792 782 848 erat:
803 789 882 848 unde
902 789 999 848 elucet
1016 808 1111 864 neque
1128 788 1218 848 huius

203 894 300 952 neque
330 877 412 936 illius
440 878 649 938 commentarii
671 878 781 956 integri
804 877 934 954 spatium
958 881 1038 937 certo
1062 878 1219 953 conputari

204 958 328 1047 posse.¹)
375 966 487 1025 Tamen
510 966 591 1026 Maio
615 967 752 1026 assentiri
775 986 834 1026 non
858 965 975 1040 dubito,
999 966 1063 1042 qui,
1093 985 1161 1025 oum
1187 968 1220 1024 in

206 1052 344 1113 Sestiana
379 1074 475 1131 pauca
512 1055 622 1128 desint,
656 1056 688 1114 in
716 1055 879 1115 Vatiniana
911 1059 942 1115 et
972 1055 1157 1132 prooemium
1189 1058 1220 1114 et

203 1143 409 1202 commentarii
441 1162 511 1219 pars
544 1145 582 1203 ad
612 1143 689 1220 §§1
722 1145 759 1203 ad
789 1147 808 1203 4
841 1145 993 1222 pertinens
1026 1144 1218 1220 desideretur,

201 1231 285 1292 illius
309 1235 460 1308 quattuor,
483 1233 571 1292 huius
595 1233 750 1309 duodecim
772 1233 898 1312 paginas
922 1233 1046 1293 amissas
1067 1251 1130 1292 esse
1150 1251 1217 1292 con·

202 1319 281 1379 iecit.
326 1321 434 1397 Itaque
463 1322 548 1381 oredo
573 1322 728 1382 Sestianae
751 1323 997 1382 commentarium
1020 1322 1171 1400 integrum
1193 1321 1218 1380 L

202 1409 329 1486 paginas
363 1412 393 1469 et
425 1429 516 1469 unam
548 1411 716 1472 columnam
748 1406 951 1487 occupavisse,
974 1411 1155 1470 Vatinianae
1186 1413 1217 1469 in

203 1501 334 1558 extrema
366 1499 476 1577 pagina
514 1501 718 1576 quaternionis
750 1499 849 1559 LXVI
880 1499 1042 1560 desinentis
1078 1499 1217 1560 XXVIII.

203 1587 345 1664 Sequitur
362 1588 440 1647 hunc
463 1589 626 1648 Planciana
655 1593 761 1666 coepta
788 1589 820 1647 in
843 1590 941 1665 prima
962 1589 1075 1666 pagina
1097 1591 1217 1665 quater·

201 1678 298 1736 nionis
322 1676 435 1736 LXVII
458 1669 541 1758 (Vct.
559 1671 651 1759 182),
683 1679 720 1736 ad
748 1677 837 1736 finem
859 1678 1002 1754 perducta
1025 1679 1056 1735 in
1080 1678 1219 1737 columna

202 1765 301 1841 priore
324 1767 449 1825 ultimae
472 1769 600 1844 paginae
627 1767 831 1842 quaternionis
854 1766 935 1825 LXX
959 1759 1108 1846 (Ambros.
1131 1758 1217 1847 198).

202 1853 359 1916 Continuis
389 1856 483 1932 igitur
511 1856 627 1934 integer
654 1858 883 1915 commentarius
905 1854 1006 1914 LXIII
1032 1855 1160 1932 paginas
1187 1857 1218 1913 et

200 1963 293 2001 unam
321 1943 502 2018 columnam,
536 1963 551 2001 e
579 1945 687 2021 quibus
716 1948 875 2021 supersunt
897 1945 1009 2003 XXXV
1030 1946 1160 2022 paginae
1188 1946 1218 2003 et

202 2051 262 2089 una
286 2032 432 2091 columna.
478 2032 544 2091 Hae
567 2033 677 2110 quibus
700 2034 774 2094 locis
797 2033 952 2110 ponendae
980 2034 1054 2107 sint,
1086 2032 1218 2092 dubitari

199 2122 314 2196 nequit.
367 2121 566 2197 Excipiuntur
604 2125 738 2182 oratione
775 2122 811 2182 de
848 2140 916 2182 aere
952 2123 1051 2181 alieno
1087 2121 1217 2195 Milonis,

200 2227 277 2284 quae
301 2209 419 2288 integra
442 2213 588 2286 quantum
612 2212 704 2288 spatii
727 2212 914 2286 continuerit,
938 2210 976 2269 ob
1000 2230 1065 2270 eam
1085 2230 1150 2268 rem
1167 2210 1216 2268 de·

200 2298 282 2356 cerni
309 2299 428 2374 nequit,
460 2301 532 2374 quia
559 2301 638 2359 inter
664 2302 808 2378 paginam
832 2302 905 2376 317,
934 2299 1075 2359 ultimam
1097 2301 1217 2375 quater-

198 2385 297 2446 nionis
321 2386 418 2446 LXXI
441 2421 485 2430 -
508 2408 579 2448 nam
601 2390 713 2468 pagina
737 2391 800 2448 189
825 2389 972 2465 excipitur
994 2407 1063 2466 pag.
1083 2388 1146 2448 316
1171 2419 1215 2428 -

199 2478 229 2534 et
254 2477 332 2552 122,
361 2476 490 2553 primam
513 2479 718 2554 quaternionis
741 2497 800 2537 non
824 2479 949 2556 signati,
976 2495 1047 2553 pars
1070 2495 1217 2536 commen·

198 2565 272 2624 turii
303 2565 468 2642 intercidit,
500 2566 573 2626 haec
595 2586 666 2626 vero
704 2570 817 2643 quanta
840 2566 932 2625 fuerit
966 2565 1125 2625 diiudicari
1156 2584 1216 2624 non

199 2655 308 2729 potest.
353 2655 458 2730 Neque
485 2674 556 2715 vero
584 2656 652 2732 plus
682 2674 772 2731 quam
799 2675 892 2714 unum
920 2655 1145 2730 quaternionem
1168 2673 1216 2713 ex-

200 2743 307 2802 cidisse
329 2745 492 2803 verisimile
516 2747 574 2820 est3
597 2764 634 2802 ne
653 2744 750 2804 dicam
768 2746 845 2803 hanc
863 2743 1044 2804 invectivam
1063 2763 1098 2801 ex
1116 2744 1215 2821 iurgio

199 2833 400 2908 conscriptam
433 2833 513 2892 haud
545 2834 667 2911 longam
699 2834 790 2892 fuisse
822 2832 977 2910 probabile
1008 2851 1070 2892 esse
1094 2865 1136 2874 -
1159 2833 1216 2892 hoo

199 2924 314 2979 coitum
337 2924 383 2981 est
407 2920 577 2981 Ciceronem
600 2925 661 2981 tres
683 2925 802 2981 tantum
825 2923 1029 2983 accusationes
1051 2920 1148 2981 Clodii
1170 2942 1216 2981 re·

199 3010 307 3083 futare,
330 3030 346 3068 e
370 3009 478 3086 quibus
501 3011 574 3071 duas
603 3013 665 3070 iam
692 3011 724 3070 in
750 3012 941 3089 fragmentis,
973 3029 1049 3088 quae
1076 3010 1216 3070 lacunam

199 3098 393 3174 antecedunt,
426 3099 529 3174 diluit,
561 3100 596 3159 de
624 3102 715 3160 tertia
742 3118 812 3160 vero
839 3119 899 3160 non
925 3101 1054 3159 multum
1082 3099 1216 3176 proferre

199 3190 326 3262 poterat.
372 3188 480 3264 Itaque
503 3209 562 3249 non
586 3189 661 3248 mihi
687 3189 866 3266 persuadere
892 3208 1012 3264 possum
1036 3190 1215 3248 commenta-

199 3277 277 3334 rium
309 3275 377 3353 plus
409 3297 502 3353 quam
528 3278 674 3337 XXXIIII
699 3278 831 3355 ,paginas
863 3280 894 3336 et
925 3296 1016 3336 unam
1047 3278 1216 3336 columnam

200 3364 389 3424 continuisse.
427 3365 472 3424 Ex
496 3366 542 3426 his
566 3367 766 3443 supersuntX
789 3365 917 3444 paginae
941 3368 1049 3424 etune
1068 3365 1217 3440 columna,

272 3555 297 3616 ι)
316 3555 397 3608 noct.
416 3554 494 3609 cau.
513 3553 555 3622 11,
570 3571 601 3623 p.
616 3558 678 3609 167.
