2664 3886
187 199 231 264 80
572 199 643 254 PRO
667 199 806 255 MILONE

186 368 291 426 Miloni
307 369 413 427 fuisset
425 370 457 426 in
469 387 570 427 necem
580 367 684 427 (llodii.
707 366 771 427 Hoc
781 368 953 427 brevissime
961 369 1081 444 purgat,
1095 367 1121 425 si
1131 385 1198 426 con·

186 460 246 517 stet
259 475 319 516 non
332 459 364 515 in
376 457 424 516 ria
433 458 575 531 futurum,
585 456 636 516 sed
645 457 740 534 magis
749 459 781 514 in
791 456 906 516 Albano
917 456 1008 516 fuisse
1016 473 1198 515 mansurum.

90 553 106 613 ξ
125 553 167 602 48.
253 546 341 604 Nam
364 547 522 620 occurrit
543 545 648 604 illud:
672 541 805 623 ‘Igitur
827 565 868 604 ne
888 544 1034 604 Clodius
1056 544 1199 620 quidem

186 635 226 693 de
263 635 412 694 insidiis
448 637 641 713 cogitavit,
678 635 846 710 quoniam
883 635 956 694 fuit
991 635 1027 692 in
1059 632 1197 692 Albano

87 756 91 767 ·
186 719 391 784 mansurus.²
1226 739 1239 780 5

255 857 305 870 ...
328 813 472 890 Invigilat
494 812 631 889 partibus
650 813 837 872 coniecturae
857 811 993 886 duplicis
1016 831 1053 869 ne
1073 811 1144 885 quid
1163 829 1197 867 ex

185 903 242 962 hoc
274 902 437 960 adversarii
468 905 687 978 promoverent,
721 901 799 977 quod
829 917 986 959 mansurus
1017 901 1049 958 in
1081 899 1198 958 Albano

187 988 307 1050 Clodius
330 991 445 1049 nullam
473 990 570 1050 caedis
598 990 813 1068 adgrediendae
837 990 1021 1049 voluntatem
1047 1005 1197 1064 praesum-

187 1081 259 1138 sisse
270 1079 365 1139 videri
379 1082 505 1155 poterat,
518 1079 687 1154 ibidemque
700 1079 736 1136 fit
748 1078 881 1137 incidens
895 1079 999 1136 statim
1014 1071 1137 1155 ...<de>
1148 1076 1198 1134 ad·

186 1170 327 1226 ventante
350 1170 451 1244 potius
469 1168 580 1226 Milone
603 1187 692 1242 quam
716 1167 751 1224 de
772 1165 848 1242 Cyro
867 1168 1048 1224 nuntiatum.
1084 1166 1125 1224 Et
1142 1166 1198 1224 hoc
1212 1184 1239 1223 ro

187 1256 465 1317 ratiocinationibus
479 1256 586 1316 validis
604 1257 700 1332 inplet
720 1255 894 1314 subnectens
913 1255 1046 1313 adhunc
1064 1254 1197 1313 modum:

253 1345 341 1404 Nam
372 1345 458 1422 quid
490 1346 529 1404 de
561 1344 650 1421 Cyro
682 1343 881 1419 nuntiaret,
919 1363 1019 1420 quem
1052 1342 1197 1403 Clodius

187 1435 426 1509 proficiscens
450 1435 654 1511 reliquerat
676 1430 905 1493 morientem?

253 1523 317 1583 Hoc
339 1543 376 1582 ne
396 1526 472 1583 esset
490 1526 570 1583 intra
588 1523 699 1581 nudam
716 1524 957 1598 propositionem,
981 1521 1090 1580 adiecit
1112 1539 1199 1580 suum

186 1615 399 1688 testimonium,
422 1615 474 1688 qui
497 1614 708 1672 testamentum
727 1611 797 1688 Gyri
816 1613 995 1689 signaverat.
1031 1611 1072 1669 Et
1088 1604 1238 1688 <cum>1s

186 1704 286 1778 posset
309 1702 486 1762 adversariis
511 1721 572 1762 esse
596 1702 657 1760 alia
682 1702 848 1776 responsio,
875 1703 910 1758 ut
937 1700 1114 1777 allegarent,
1142 1700 1198 1758 etsi

187 1792 369 1850 certissimus
401 1792 436 1850 de
467 1794 562 1850 morte
595 1788 666 1867 Gyri
697 1792 727 1848 et
759 1789 794 1848 de
826 1791 905 1848 laeto
937 1789 1113 1848 testamento

187 1879 344 1954 *cavisset
367 1881 476 1939 adiecit
499 1882 600 1940 orator
622 1878 856 1960 sollertissimus:

254 1969 521 2027 Testamentum
549 1968 668 2044 palam
689 1968 828 2026 fecerat
851 1970 885 2025 et
907 1966 1012 2024 illum
1034 1966 1198 2025 heredem

187 2061 221 2115 et
243 2076 294 2116 me
318 2059 524 2133 scripserat.
1212 2072 1238 2110 ao

254 2143 367 2215 Quibus
390 2148 542 2206 vincenter
569 2146 676 2222 positis
704 2145 839 2221 confugit
866 2145 904 2202 ad
931 2146 1073 2220 temporis
1103 2143 1197 2218 quali·

186 2237 289 2309 tatem,
313 2234 392 2310 quod
413 2236 488 2294 hora
507 2235 629 2293 decuma
647 2235 819 2292 nuntiatum
837 2235 885 2307 sit,
909 2251 984 2308 quae
1004 2234 1198 2308 opportrmior

154 2341 157 2348 ’
188 2327 265 2382 esset
287 2325 383 2400 magis
407 2324 491 2382 caedi
514 2343 601 2399 quam
626 2323 812 2398 profectioni.

90 2415 167 2476 549·
253 2412 409 2470 Primum
436 2412 530 2471 nihil
558 2415 649 2486 erat,
678 2431 738 2470 cur
764 2414 957 2486 properato
986 2428 1072 2485 opus
1100 2412 1196 2469 esset.

253 2501 385 2560 Verbum
401 2502 458 2560 hoc
480 2501 698 2577 properandi
720 2518 780 2558 non
800 2518 867 2559 sum
885 2501 999 2559 nescius
1019 2502 1092 2574 aput
1111 2516 1196 2575 quos*
1213 2514 1238 2554 es

187 2591 256 2650 dam
279 2591 481 2650 indifferenter
502 2592 598 2666 accipi
617 2608 651 2649 ao
674 2589 767 2648 solere
790 2608 884 2647 unum
902 2589 999 2648 videri
1020 2589 1197 2647 festinare

188 2683 218 2739 et
237 2699 439 2756 properare.
472 2679 578 2738 Visum
597 2681 642 2738 est
664 2680 759 2756 igitur
775 2677 850 2736 mihi
867 2680 990 2754 propter
1008 2695 1067 2751 eos,
1090 2677 1197 2752 quibus

188 2769 308 2845 aliquod
331 2769 463 2828 studium
485 2770 604 2844 proprie
627 2767 768 2844 loquendi
789 2770 842 2842 est,
865 2770 986 2826 auctore
1003 2768 1070 2843 ipso
1088 2766 1127 2824 Μ.
1143 2763 1198 2823 Ga-

254 2945 269 2993 3
288 2939 393 2995 illuto
462 2943 478 2992 6
498 2941 547 2993 loc.
562 2937 612 3010 4¹s,
626 2955 674 2992 cru.
685 2964 718 2982 =
735 2943 769 2992 10
784 2938 833 2993 litt.
847 2940 986 3005 πρόληψις
999 2936 1089 3004 suppl.
1099 2936 1141 3005 Zp

188 3017 203 3065 9
219 3012 331 3080 loo3-l-
341 3010 391 3081 5¹s,
403 3027 490 3064 cru:
500 3013 539 3065 22
549 3011 609 3076 litt,
623 3011 774 3076 (τοχαεμὸε
831 3009 919 3077 suppl.
930 3009 956 3062 Z
1007 3005 1086 3079 (de)
1100 3022 1143 3060 mo

188 3088 221 3136 10
239 3082 353 3150 pontius
369 3083 393 3137 0
456 3087 488 3134 12
509 3026 1121 3204 Nuquuueruocuuuocludluoue-
1138 3078 1198 3143 ΟΜ,

187 3171 254 3208 corr.
270 3170 285 3207 o
358 3159 391 3207 13
410 3152 500 3206 Roma
516 3168 567 3222 pro
588 3151 694 3206 ciscens
712 3150 788 3206 codd.
800 3152 854 3207 Cic.
928 3156 960 3203 14
974 3166 1010 3204 ne
1024 3150 1098 3204 esset
1112 3149 1199 3202 Halm

187 3239 299 3277 necesse
314 3226 357 3277 est
372 3224 436 3279 Omo
453 3239 489 3276 ne
503 3239 612 3277 cassum
626 3224 700 3276 esset
713 3223 754 3293 Zp
817 3228 850 3276 15
869 3225 898 3275 et
911 3223 1006 3291 posset
1019 3236 1062 3275 mo
1081 3222 1109 3274 et
1119 3219 1198 3291 <ne>

185 3313 214 3364 p.
225 3295 257 3349 St
329 3300 361 3346 1c
377 3294 489 3349 essetO
557 3300 588 3347 17
603 3295 760 3349 mortemO
800 3295 946 3348 loc.stutui
959 3291 1089 3364 (fnisset,
1103 3293 1199 3344 tumen

188 3366 222 3419 de
245 3364 401 3418 hereditate
424 3364 573 3438 Olodinm)
598 3365 721 3418 cavisse?
803 3369 835 3418 18
864 3363 1073 3418 soltertissimus
1098 3362 1122 3418 0

189 3441 221 3488 19
240 3437 440 3489 testamentum
454 3438 548 3490 autem
561 3435 656 3504 palam
669 3437 745 3492 codd.
754 3437 808 3491 Cic.
881 3441 913 3488 21
933 3435 1029 3504 posuit
1044 3435 1116 3500 ooo,
1130 3450 1197 3488 corr.

188 3507 274 3561 Halm
342 3511 375 3559 23
394 3507 513 3562 essedo*
577 3513 610 3560 24
629 3511 690 3561 erat
702 3505 775 3561 nihil
789 3505 864 3562 codd.
874 3508 928 3562 Cic.
997 3512 1030 3560 2⁷
1049 3520 1199 3575 properare

187 3576 387 3646 propelleret*
459 3577 530 3631 mibi
550 3580 573 3634 0
647 3584 680 3633 28
704 3578 817 3648 proprio
837 3578 861 3633 0
