2664 3886
154 180 198 245 54
544 179 616 236 PRO
639 179 776 236 FLACCO

220 395 226 406 .
239 395 244 407 .
256 395 262 406 .
276 348 363 408 fidem
373 349 515 423 Falcidia,
529 351 582 426 qui
595 367 648 425 per
660 350 809 408 luxuriam
823 351 977 409 oonsumto
986 349 1166 425 patrimonio

152 441 269 499 litteras
288 440 469 498 oalumniose
487 440 665 515 oompositas
681 437 718 497 de
732 439 861 498 avaritia
874 437 975 498 Flaoei
989 438 1028 497 ad
1040 440 1168 498 matrem

152 546 238 587 suam
259 529 384 598 miserit,
406 530 441 586 ut
457 528 598 606 prodigos
616 545 713 587 mores
730 527 900 587 huiusmodi
918 527 1071 588 mendatio
1090 528 1167 587 eolo-
1214 581 1216 587 Α

151 620 239 677 raret.
285 617 371 676 Facit
398 635 468 696 ergo
496 611 673 692 μετάθεειν,
700 636 759 694 qua
786 617 834 675 illi
863 616 1001 676 ostendat
1027 617 1167 694 egestatis

151 725 270 767 oausam
292 708 368 765 vitio
391 724 444 767 suo
468 707 617 781 aooidisse,
639 725 698 765 non
721 705 808 766 huius
830 707 991 782 iniquitate
1013 706 1167 782 praetoris.
1196 723 1209 764 a

56 797 132 858 §aa
217 795 381 874 Magnum
418 798 496 855 erat
527 797 560 855 ei
590 797 779 855 certamen.
828 795 903 854 Iste
934 811 1023 853 unus
1055 796 1170 854 totam

150 884 273 944 Asiam
313 885 563 963 magnitudine
601 885 810 961 poculorum
851 883 1076 960 bibendoque
1112 901 1168 942 su·

151 976 303 1051 peravit.

219 1058 434 1137 Χαριέντιεμα.
481 1057 545 1140 ΓΗ]
565 1057 837 1136 παραπροεδοκία
877 1059 1094 1121 Iucundissime
1113 1061 1169 1120 hoo

151 1155 255 1210 eontra
265 1153 435 1228 opinionem
443 1151 548 1209 intulit
557 1151 725 1210 helluonem
735 1150 1043 1226 quendametsumma
1052 1151 1170 1208 luxuria
1185 1169 1210 1208 ro

151 1240 301 1315 perditum
328 1241 430 1299 volens
458 1238 625 1313 ostendere,
657 1242 705 1300 oui
736 1239 791 1300 hoo
815 1259 908 1298 unum
938 1258 1030 1317 genus
1062 1240 1170 1298 exerei-

151 1329 276 1388 tationis
295 1331 325 1388 et
343 1329 456 1408 gloriae
475 1329 567 1388 brerit
584 1330 758 1404 oonpotores
778 1347 846 1388 suos
862 1327 1006 1388 ebrietate
1022 1346 1170 1403 superare.

61 1419 137 1480 §94-
222 1417 375 1494 Videtis,
411 1435 479 1495 qno
515 1419 552 1477 in
586 1420 685 1477 motu
720 1419 932 1494 temporum,
968 1420 1103 1493 quanta
1134 1418 1171 1475 in

152 1509 386 1567 conversione
408 1527 525 1567 rerum
548 1526 587 1567 aa
609 1505 886 1584 perturbatione
908 1525 1098 1566 versemur.

218 1593 304 1657 Κατὰ
331 1593 504 1672 προεοχήν.
550 1595 749 1656 Oonmovetur
779 1598 841 1656 iam
872 1597 1022 1671 peroratio
1052 1596 1210 1672 magni-1⁵

116 1730 119 1737 ,
150 1686 285 1746 tudinem
315 1686 524 1746 beneficiorum
551 1685 583 1744 L.
607 1685 707 1746 Flaooi
735 1686 901 1760 oomplexa‚
933 1703 1011 1760 quae
1036 1683 1168 1760 pendent

152 1794 187 1834 ex
210 1777 365 1836 consulatu
391 1777 457 1852 ipso
481 1773 644 1848 (lismonte,
672 1793 731 1851 quo
754 1773 874 1833 videtur
900 1793 1009 1852 magno
1037 1775 1105 1834 usui
1126 1774 1171 1833 rei

151 1883 181 1939 p.
204 1865 294 1925 fuisse
317 1866 499 1942 investigata
521 1864 725 1924 coniuratione
749 1860 897 1922 Catilinae
925 1864 956 1922 et
982 1862 1171 1938 deprehensis

152 1954 184 2011 in
210 1956 301 2029 ponte
323 1953 436 2012 Mulvio
460 1953 656 2030 Allobrogum
683 1953 800 2028 legatis.
845 1949 985 2012 Profioiet
1011 1953 1105 2030 igitur
1133 1950 1172 2010 ad

153 2043 310 2101 eonsilium
332 2044 571 2117 oompensativae
594 2041 787 2114 defensionis,
812 2059 903 2116 quam
926 2042 992 2100 vult
1014 2043 1117 2100 orator
1138 2042 1172 2099 in
1185 2059 1212 2100 ao

152 2131 208 2189 hae
227 2149 315 2190 eausa
330 2150 391 2190 non
406 2130 594 2190 mediooriter
607 2131 716 2203 valere,
734 2131 769 2187 ut
783 2130 839 2188 etsi
854 2130 980 2190 alieuius
994 2131 1170 2206 suspitionis

153 2219 449 2293 videaturobnoxius‚
458 2219 817 2295 tamsnoontemplatione
825 2219 988 2297 insignium
997 2220 1172 2278 meritorum

154 2308 191 2368 ab
213 2309 301 2368 huius
324 2306 525 2368 damnationis
547 2309 680 2384 periendo
702 2307 901 2385 protegendus
925 2309 972 2368 sit.
1013 2307 1172 2369 Praeterea

153 2399 189 2456 in
203 2399 267 2456 toto
286 2398 425 2457 oontextu
443 2398 532 2456 huius
551 2398 662 2476 epilogi
681 2399 711 2457 et
729 2397 765 2456 de
783 2391 856 2475 (se)
869 2399 933 2473 ipse
948 2397 1064 2456 Tullius
1078 2397 1170 2472 pluri·

153 2507 236 2546 mum
250 2487 331 2563 dioit,
350 2488 434 2563 quasi
453 2505 507 2563 per
521 2489 757 2546 communionem
770 2505 879 2560 rerum,
897 2504 971 2563 quas
985 2505 1039 2562 pro
1054 2487 1172 2562 patriae
1185 2501 1212 2544 ss

154 2577 250 2636 salute
269 2579 434 2656 gesserunt,
459 2576 545 2635 ambo
563 2577 607 2635 rei
626 2578 656 2635 et
675 2575 762 2635 ambo
781 2575 954 2635 absolvendi
972 2577 1041 2634 sint.

222 2750 254 2799 18
292 2744 357 2799 Sall.
378 2745 436 2800 Cat.
461 2745 567 2800 XLVl
597 2744 692 2799 Ciosro
720 2761 771 2814 per
797 2743 906 2815 legatos
929 2745 1030 2798 ounota
1053 2743 1169 2798 edoctus

154 2817 183 2870 L.
204 2816 316 2871 Valerio
335 2816 435 2871 Flaooo
460 2819 488 2871 et
509 2816 536 2871 0.
556 2816 706 2886 Pomptino
728 2815 905 2884 praetoribus
927 2816 1061 2885 imperat,
1089 2816 1123 2868 ut
1141 2815 1171 2868 in

154 2891 240 2957 ponte
254 2887 358 2942 Mulvio
377 2903 428 2957 per
444 2888 562 2942 insidias
581 2887 765 2957 Allobrogum
783 2888 933 2941 comitatus
948 2887 1169 2957 deprehendant.

154 2961 189 3027 of.
209 2958 264 3014 Cio.
283 2960 314 3013 in
332 2958 391 3014 Cat.
411 2959 449 3012 ΠΙ
468 2966 492 3026 2,
508 2965 588 3028 seqq.

224 3127 237 3175 1
253 3119 439 3176 tristatam
495 3118 522 3173 Ο
534 3118 635 3190 ...lto
693 3118 761 3174 Fae
773 3117 917 3175 falcato
926 3135 981 3188 sqq.
1015 3119 1110 3186 prima
1120 3119 1171 3172 lac.

154 3191 207 3262 2¹),
219 3208 307 3245 era=
317 3194 335 3244 5
344 3190 395 3246 litt.
406 3193 474 3256 aa,
484 3190 571 3245 altera
582 3195 597 3244 1
607 3207 655 3244 em.
663 3217 696 3236 =
706 3195 725 3245 2
735 3191 786 3246 litt.
797 3191 866 3255 lott,
875 3192 957 3244 tertia
967 3194 984 3244 3
994 3206 1042 3244 om.
1050 3215 1083 3234 =
1094 3193 1111 3243 6
1121 3190 1172 3244 litt.

156 3263 214 3316 late.
229 3263 349 3316 conaret
363 3262 410 3315 hio
424 3261 545 3315 destruit
562 3263 651 3330 suppl.
662 3263 704 3331 Zp
716 3261 788 3315 bene
806 3261 910 3330 (ridens
925 3262 992 3330 Leo)
1012 3261 1105 3314 orator
1124 3260 1172 3314 de·

157 3331 260 3385 struit?
305 3331 390 3385 fidem
407 3348 476 3388 corr.
491 3333 517 3386 Z
592 3332 798 3388 dmondioatio
819 3332 882 3386 Omo
961 3338 1082 3399 dquam
1101 3331 1175 3397 Omo,

155 3403 272 3471 remla
321 3403 647 3476 9loe.2¹s,om.=5ls'tt.
705 3407 738 3456 10
748 3403 920 3456 summano
973 3409 1004 3455 11
1014 3402 1176 3471 praeditum

160 3491 374 3556 Omo,oorr.Leo
429 3497 461 3544 15
473 3492 696 3547 nonmoueturO
746 3490 817 3558 ltll·
865 3478 1175 3547 ressuesrsaatloe

160 3561 444 3631 ilsuspioionillomo
499 3565 677 3619 itetomrao
709 3561 836 3636 <se>mo
868 3563 965 3630 ipsom
1017 3561 1179 3630 idquasiG
