2670 3876
194 184 234 249 16
562 183 633 238 PRO
656 183 686 238 P.
706 183 821 238 SYLLA

188 355 221 412 in
244 355 308 413 loco
331 353 478 411 Manlium
501 351 660 432 significat,
684 354 736 428 qui
758 372 826 412 oum
848 352 880 411 P.
900 352 992 412 Decio
1015 353 1134 412 functus
1158 355 1203 412 est

187 443 383 502 consulatum.
429 441 475 499 Ex
496 443 608 500 virtute
632 460 794 518 cognomen
817 442 963 518 Torquati
985 441 1100 516 habuit,
1124 440 1204 518 quod

188 551 247 590 uno
271 531 307 590 de
331 529 426 590 Gallis
448 530 583 590 hostibus
606 531 763 591 interfecto
786 534 924 606 torquem
951 530 1009 591 sibi
1031 531 1114 590 velut
1136 550 1202 607 spo-

187 621 262 680 lium
285 621 418 696 superati
440 621 534 680 hostis
556 619 703 679 induerat.
739 619 787 678 Ab
810 619 865 679 hoc
888 621 1084 696 comperimus
1106 618 1203 678 filiurn

187 729 247 768 non
280 709 316 768 ob
350 709 471 785 aliquod
504 710 708 784 criminosum,
740 709 792 768 sed
824 709 987 787 gloriosum
1014 711 1045 767 et
1071 709 1202 769 militare
1231 727 1243 768 s

188 799 304 858 facinus
327 800 548 875 interemptum,
573 798 652 873 quod
675 800 779 857 contra
801 800 896 874 patris
918 798 1112 857 interdictum
1136 817 1202 858 cum

188 887 272 947 hoste
296 889 432 963 quamvis
455 887 584 946 feliciter
606 887 784 946 dimicasset.

100 981 176 1044 534.
254 976 372 1052 Atque
409 978 518 1035 etiam
549 976 643 1035 illud
679 975 818 1051 addam,
855 995 896 1035 ne
929 977 990 1053 qui
1022 976 1116 1035 forte
1148 977 1202 1035 in·

188 1067 304 1141 cipiet
327 1065 447 1125 subito
470 1067 505 1124 tc
529 1083 660 1138 amare,
684 1065 873 1140 Torquate.

352 1155 411 1213 ista
452 1153 526 1213 dicit
565 1152 709 1213 insidiosa
745 1153 874 1228 quadam
910 1153 1095 1232 benignitate
1135 1173 1203 1230 pro·
1218 1173 1244 1212 ιο

188 1242 323 1303 scindens
347 1241 558 1302 adversarium.

100 1340 115 1401 a
135 1338 177 1387 36.
254 1330 306 1390 Ab
320 1329 581 1410 Allobrogibus
604 1333 828 1390 nominatum
847 1331 985 1408 Syllam
1007 1349 1083 1392 esse
1101 1332 1201 1390 dicis.

189 1419 273 1488 Quis
305 1419 433 1499 nogat?
486 1420 553 1480 Sed
581 1421 656 1498 lege
685 1420 860 1480 indicium
892 1423 927 1480 et
958 1420 1053 1495 vido,
1084 1440 1202 1496 quem-

188 1510 376 1570 admodum
398 1511 604 1569 nominatus
631 1511 687 1570 sit.

339 1601 420 1658 fecta
453 1599 489 1658 ab
517 1599 628 1658 indicio
650 1598 847 1677 Allobrogum
874 1600 905 1657 et
1011 1599 1107 1658 inlata
1134 1618 1202 1674 pro·
1218 1615 1243 1656 rs

188 1690 345 1764 positione,
358 1683 438 1767 <ne>
452 1690 548 1748 sensio
567 1690 599 1746 in
613 1689 797 1747 contrarium
810 1690 954 1766 vergeret,
972 1689 1202 1766 vigilantissime

82 1835 83 1840 ,
189 1773 254 1837 ἀπὸ
268 1776 327 1837 τοῦ
341 1773 465 1852 τρόπου
481 1779 576 1853 ipsius
589 1776 695 1835 indicii
707 1776 829 1835 modum
842 1778 973 1835 tractare
987 1777 1143 1856 adgressus
1158 1779 1203 1836 est

190 1861 247 1944 [et]
258 1866 415 1926 ostendens
431 1867 580 1940 quaesisse
590 1863 691 1924 Gallos
706 1865 742 1924 de
751 1863 892 1925 L.Gassio
902 1864 1048 1944 Longino,
1063 1864 1202 1941 quemad-

148 1965 152 1973 ·
188 1954 309 2013 modum
342 1954 426 2030 Sylla
459 1956 536 2014 esset
568 1956 727 2028 animatus,
763 1956 794 2013 et
825 1954 881 2014 hoc
912 1973 961 2014 eos
994 1957 1111 2029 fecisse,
1142 1973 1202 2013 non

189 2042 270 2118 quod
305 2043 341 2102 do
373 2044 436 2102 eius
468 2043 600 2103 moribus
632 2045 663 2102 et
694 2045 848 2119 proposito
885 2044 1051 2102 voluntatis
1087 2043 1203 2119 aliquid
1217 2060 1243 2099 ro

189 2132 354 2207 audissent,
386 2131 437 2191 sed
469 2132 549 2207 quod
579 2133 661 2192 facta
692 2134 843 2191 mentione
872 2131 904 2190 Ρ.
927 2132 1082 2207 Autronii,
1115 2151 1202 2207 quem

189 2224 354 2280 consortem
376 2221 467 2280 fuisse
489 2221 692 2297 praecedentis
711 2222 794 2281 illius
813 2222 849 2280 de
868 2221 983 2280 ambitu
1002 2221 1202 2281 damnationis

189 2309 359 2385 audierant,
395 2311 616 2370 existimassent
651 2311 767 2386 aliquid
802 2311 894 2369 etiam
930 2311 966 2370 dc
998 2312 1202 2370 coniuratione

189 2399 399 2473 quaerendum.
449 2398 563 2458 Deinde
593 2401 747 2458 vincenter
777 2399 886 2459 subicit
916 2418 1091 2476 responsum
1119 2398 1203 2459 (lassi

188 2487 265 2546 illud
296 2508 389 2546 unum
419 2488 624 2564 respondentis
656 2488 733 2547 nihil
760 2507 790 2548 so
818 2489 854 2548 de
877 2489 909 2547 P.
933 2489 1019 2565 Sylla
1045 2490 1120 2548 scire
1147 2508 1201 2564 pro
1216 2503 1242 2543 25

189 2578 277 2636 certo.
322 2576 496 2653 Ibidemque
519 2579 622 2638 statim
646 2621 715 2653 ...,
739 2578 820 2653 quod
842 2596 895 2637 nos
923 2579 1044 2654 aperi
1067 2578 1201 2652 dicimus

189 2667 389 2726 defensionem
430 2668 637 2743 complectitur
678 2667 777 2727 dicens
818 2667 988 2726 huiusmodi
1028 2685 1202 2743 responsmn

189 2753 273 2814 Cassi
308 2774 362 2832 pro
395 2775 429 2814 eo
460 2755 641 2830 habendum,
678 2758 768 2832 atque
801 2757 827 2816 si
858 2758 995 2835 negasset
1026 2755 1057 2814 P.
1087 2754 1202 2831 Syllam

188 2846 306 2904 sceleris
325 2845 413 2904 huius
432 2863 493 2904 esse
512 2847 699 2921 participem,
722 2847 864 2921 quoniam
881 2847 916 2921 is,
940 2847 992 2921 qui
1009 2845 1045 2904 de
1064 2843 1201 2904 omnibus

188 2935 434 2994 instructissimus
465 2935 570 3009 fuerit,
607 2933 643 2994 de
679 2935 735 2993 hoc
765 2934 833 2994 ideo
864 2934 940 2993 nihil
972 2935 1086 3008 scierit,
1123 2933 1203 3008 quod
1216 2948 1242 2988 oo

189 3022 274 3098 Sylla
297 3024 438 3082 innocens
461 3025 545 3082 esset.

190 3118 404 3125 —————--

257 3163 271 3208 1
287 3158 330 3209 est
344 3157 394 3211 del.
404 3157 437 3212 st
482 3155 598 3228 2<hic>
609 3172 643 3210 ex
653 3173 697 3210 mo
770 3162 803 3210 10
817 3158 867 3212 lac.
876 3158 932 3225 3-1-
944 3156 993 3227 1¹J,
1004 3173 1093 3210 cm.=
1105 3160 1139 3210 10
1149 3157 1201 3212 litt.

189 3227 357 3293 etpurrrudrc?
411 3227 577 3296 quodamO
664 3233 697 3280 15
717 3229 767 3282 loe.
782 3233 799 3282 4
813 3232 938 3282 cm.=6
957 3229 1007 3283 litt.
1027 3227 1162 3295 ἀφορμήῖ

190 3297 690 3368 loc.4¹l,om.=10litt.qopvdu?
748 3303 780 3352 16
799 3298 932 3371 <nc>Or
1000 3303 1086 3352 1718
1112 3299 1205 3352 estet

190 3367 336 3422 ostendere
354 3385 405 3434 mo,
423 3370 543 3441 cornZy
615 3374 649 3422 20
669 3387 723 3437 quo
740 3369 803 3424 Orno
875 3375 908 3422 21
928 3369 1138 3424 mentionemC

190 3444 223 3492 23
247 3438 421 3493 existimasse
441 3442 465 3495 0
552 3446 585 3495 26
604 3440 784 3509 ibidemqnae
804 3440 827 3496 0
880 3442 930 3496 los.
945 3440 995 3524 3²s,
1010 3458 1059 3496 oro.
1071 3467 1104 3487 =
1120 3446 1136 3495 7
1151 3442 1201 3496 litt.

190 3513 218 3565 ἐξ
237 3511 306 3636 ltcrip¹
327 3513 416 3580 suppl.
436 3513 477 3582 Zp
558 3515 591 3565 28
620 3528 729 3567 cassum
754 3511 777 3566 0
855 3516 889 3565 30
913 3511 1008 3566 scient
1032 3513 1097 3568 Mai
1115 3513 1201 3581 scrip-

190 3597 245 3635 sen
304 3598 346 3635 mo
