2670 3876
200 135 265 189 XVI
602 134 816 191 PRAEFATIO.

268 302 410 373 Quaestio
433 305 539 377 oritur,
562 305 664 364 utrum
686 304 740 363 has
760 307 943 363 correcturas
962 306 992 362 et
1011 303 1221 364 adnotationes

203 391 242 462 02
264 412 299 451 ex
327 392 387 451 alio
414 393 462 451 vel
490 392 593 451 eodem
621 395 712 468 atque
737 391 763 451 0
787 394 990 468 manuscripto
1020 392 1222 468 desumpserit
1291 389 1292 416 ³

202 500 241 540 an
263 481 354 564 meris
379 483 557 541 coniecturis
586 483 670 540 nisus
692 482 788 540 textui
811 500 829 538 a
855 481 881 541 0
901 483 1064 541 constituto
1087 481 1220 558 adscrip-

200 572 281 630 serit.
337 569 385 628 Ad
416 570 493 628 hanc
527 569 700 629 solvendam
731 571 878 646 imprimis
910 570 975 650 loco
1008 570 1076 629 Vnt.
1097 572 1220 645 214,aa

201 659 387 718 adiuvamur.
432 658 479 716 Ibi
503 658 579 717 enim
605 657 949 734 cd§15Mi10nicnae
977 659 1102 719 adnotat
1127 658 1220 719 Oul-
1294 716 1295 743 ,

200 751 293 806 inum
324 747 544 824 praeiudicium
576 746 747 808 Ciceronem
783 748 929 808 discumo
966 748 1003 807 ab
1038 748 1219 808 adversariis

199 836 366 912 prolatum,
396 838 582 914 rogationem
605 837 819 912 Pompeianam
841 837 968 914 scilicet,
993 837 1031 906 02
1052 855 1124 897 voce
1147 838 1219 896 olle

198 944 267 984 rann
295 926 392 984 deleta
420 927 503 984 uliud
533 925 751 1001 suprascripsit.
801 926 865 983 Iam
894 927 991 985 elucet
1016 925 1133 995 0211011
1157 926 1218 984 duo

199 1014 383 1089 praeiudicia
406 1015 438 1072 in
461 1014 626 1072 Miloniana
650 1013 841 1091 distinguere,
864 1015 916 1073 sed
938 1014 1039 1090 plura:
1070 1014 1140 1073 addi
1164 1033 1218 1091 po·

198 1104 259 1162 test
285 1103 374 1178 pluro
402 1121 491 1176 quam
518 1103 590 1176 tria3
627 1120 697 1158 nam
725 1103 751 1159 si
777 1101 814 1160 de
841 1102 936 1160 tribus
965 1102 1123 1180 cogitaret,
1155 1121 1218 1162 non

199 1191 294 1265 uliud,
317 1190 369 1250 sed
391 1191 507 1248 tertium
527 1189 565 1258 02
587 1191 770 1250 correxisset.
816 1189 861 1249 De
883 1188 980 1250 tribus
1004 1191 1104 1249 autem
1127 1191 1218 1250 rebus

200 1277 317 1354 Cicero,
350 1281 511 1354 antequam
534 1278 572 1337 ad
594 1281 692 1355 ipsam
716 1278 934 1338 emanationem
956 1280 1051 1354 venit,
1081 1280 1216 1340 disserit:

201 1368 419 1428 contenderunt
442 1367 605 1428 adversarii
627 1367 749 1427 Milonis
772 1367 818 1426 fas
842 1386 901 1427 non
924 1385 987 1428 esse
1009 1367 1133 1443 homini,
1163 1370 1218 1446 qui

198 1457 350 1516 hominem
381 1458 559 1532 necavisset,
590 1457 705 1530 vivere;
736 1460 890 1533 praeterea
927 1459 1047 1518 senatus
1079 1459 1216 1517 consulto

198 1545 260 1604 iam
287 1547 462 1606 damnatum
489 1566 557 1604 eum
585 1564 661 1621 esse,
699 1547 826 1621 denique
849 1545 1024 1622 Pompeium
1051 1546 1149 1622 ipsum
1177 1547 1215 1607 de

199 1651 290 1693 causa
317 1635 473 1714 rogatione
500 1654 554 1694 sua
582 1637 687 1696 contra
710 1635 853 1694 Milonem
876 1635 1061 1694 iudicavisse.
1106 1635 1214 1710 Itaque

197 1726 283 1800 patet
305 1727 385 1783 recte
408 1723 485 1782 illud
507 1725 632 1784 alterins
648 1723 674 1783 0
693 1723 841 1799 posuisse,
865 1725 950 1782 uliud
969 1743 1040 1784 vero
1064 1723 1211 1799 quomodo

197 1811 391 1891 intellegatur
414 1813 557 1888 explicari
578 1831 639 1871 non
660 1830 757 1888 posse.
795 1812 898 1888 Neque
917 1813 1005 1887 enim,
1028 1812 1105 1888 quod
1123 1829 1210 1869 accu-

197 1903 311 1961 satores
339 1903 522 1979 negaverant
544 1900 687 1964 Milonem
709 1902 810 1960 vivere
837 1919 936 1976 posse,
968 1901 1040 1977 quia
1061 1899 1212 1960 hominem

198 1989 361 2064 occiderat,
397 1989 429 2048 id
464 1990 683 2064 praeiudicium
719 1990 880 2050 scholiasta
917 1990 1067 2066 appellare
1102 1988 1211 2066 potuit.

199 2076 277 2147 Quid
295 2079 515 2152 praeiudicium
537 2080 590 2154 sit,
613 2079 776 2138 scholiasta
798 2080 943 2154 expressis
966 2078 1062 2138 verbis
1085 2097 1145 2138 non
1168 2076 1212 2136 di·

198 2169 248 2241 cit,
271 2168 371 2226 tamen
396 2187 431 2224 ex
453 2167 551 2226 verbis
575 2169 638 2227 eius
661 2170 692 2226 in
711 2168 918 2227 commentarii
937 2167 975 2226 ad
994 2167 1159 2234 orationem
1180 2167 1212 2226 in

198 2254 336 2316 Clodium
355 2258 385 2315 et
404 2253 564 2315 Curionem
582 2257 688 2333 scripti
704 2256 891 2332 praefatione
910 2249 1018 2338 (20,12
1033 2249 1111 2336 sqq.)
1131 2257 1212 2315 evin·

197 2345 277 2404 citur
295 2346 514 2404 accusationem
532 2347 630 2421 ipsam
646 2346 866 2420 praeiudicium
884 2365 951 2404 eum
970 2363 1030 2404 non
1050 2345 1210 2421 appellare.

196 2433 261 2493 Iam
285 2434 420 2510 afferam,
448 2436 473 2493 si
500 2452 618 2494 necesse
641 2437 699 2510 est,
722 2435 796 2494 duos
819 2435 899 2494 locos
923 2433 1115 2508 Quintiliani,
1138 2451 1210 2509 quo·

196 2543 262 2582 rum
286 2522 395 2597 altero,
419 2523 492 2598 quid
514 2525 554 2582 sit
576 2523 805 2599 praeiudicium,
828 2527 994 2603 enarretur,
1017 2522 1112 2582 altero
1135 2523 1211 2581 hanc

196 2613 395 2671 accusationis
422 2615 539 2687 partem
567 2611 604 2670 ab
631 2612 685 2671 illo
711 2614 792 2671 inter
812 2613 1001 2686 pronudiciu
1027 2629 1087 2670 non
1109 2630 1210 2670 nume·

195 2703 257 2759 ran'
280 2703 413 2777 apparet
446 2701 482 2774 V,
499 2704 562 2776 2,1.
607 2701 861 2760 Praeiudiciorum
881 2701 926 2758 niis
948 2701 1043 2757 ononis
1065 2701 1158 2757 tribus
1179 2701 1211 2758 in

194 2787 349 2865 genetibus
371 2793 520 2848 ansatur:
542 2790 637 2857 rebus,
661 2807 735 2862 quoe
757 2789 916 2862 aliquando
940 2805 975 2846 eu
991 2787 1119 2862 poribus
1142 2804 1209 2846 euu-

196 2879 238 2938 sis
260 2881 330 2937 sunt
350 2879 489 2947 iudicatu,
513 2895 587 2952 quoe
607 2878 736 2952 euemplu
754 2880 858 2936 rectius
876 2876 1034 2936 dicunntur.
1050 2877 1210 2937 ..iudiciis

196 2969 236 3026 ud
264 2969 362 3042 ipsam
389 2985 510 3027 causum
531 2967 745 3043 pcrtinentibus
760 3010 765 3022 .
782 3010 806 3034 .,
834 2965 936 3038 qualia
958 2969 991 3025 in
1016 2965 1210 3042 Oppianicum

195 3056 275 3129 focio
298 3057 435 3115 diunius
458 3061 485 3116 ei
506 3074 526 3115 o
548 3060 653 3115 sonmo
675 3056 816 3114 adoneus
834 3054 990 3114 Muenna:
1013 3057 1067 3115 aul
1087 3073 1153 3114 mm
1175 3056 1209 3116 de

196 3145 296 3204 eudem
328 3163 419 3205 causo
444 3145 671 3218 pronuntiatum
702 3148 750 3203 cst.
804 3142 857 3218 Ill,
876 3155 901 3218 a,
916 3154 950 3204 25
988 3145 1102 3204 ..nisi
1136 3144 1209 3217 forle

195 3233 240 3293 M.
267 3233 385 3292 Tullius
415 3230 450 3292 in
481 3234 610 3292 cratim
641 3233 854 3306 pidederriino,
890 3230 979 3306 quau
1006 3249 1065 3308 pro
1097 3233 1209 3292 Milone

195 3325 336 3396 scriptam
357 3322 481 3396 reliquii,
503 3322 581 3382 niele
604 3321 750 3381 distulisse
766 3325 967 3382 narrationem
984 3323 1099 3382 uidetur
1117 3323 1208 3382 nibus

191 3413 370 3484 prenosdis
388 3413 617 3485 quaestionibus:
640 3415 694 3472 oui
705 3414 866 3487 profuisset
885 3429 1032 3488 emouere,
1050 3428 1106 3486 quo
1123 3406 1208 3471 inodo

195 3501 323 3560 insidias
345 3501 455 3560 Miloni
476 3502 590 3575 feeisan
615 3499 747 3573 Gladius,
776 3505 803 3563 si
828 3521 925 3573 suun,
953 3505 1003 3576 qui
1025 3520 1045 3562 a
1068 3518 1099 3560 ee
1120 3501 1208 3559 hoini-
