<?xml version="1.0" encoding="UTF-8"?>
<!DOCTYPE html PUBLIC "-//W3C//DTD XHTML 1.0 Transitional//EN"
    "http://www.w3.org/TR/xhtml1/DTD/xhtml1-transitional.dtd">
<html xmlns="http://www.w3.org/1999/xhtml" xml:lang="en" lang="en">
 <head>
  <title>
</title>
<meta http-equiv="Content-Type" content="text/html;charset=utf-8" />
  <meta name='ocr-system' content='tesseract 3.04.00' />
  <meta name='ocr-capabilities' content='ocr_page ocr_carea ocr_par ocr_line ocrx_word'/>
</head>
<body>
  <div class='ocr_page' id='page_1' title='image "./scholiaincicero01hildgoog_0163.png"; bbox 0 0 2664 3886; ppageno 0'>
   <div class='ocr_carea' id='block_1_1' title="bbox 178 198 794 263">
    <p class='ocr_par' dir='ltr' id='par_1_1' title="bbox 178 198 794 263">
     <span class='ocr_line' id='line_1_1' title="bbox 178 198 794 263; baseline -0.002 -9"><span class='ocrx_word' id='word_1_1' title='bbox 178 198 240 263; x_wconf 78' lang='grc'>108</span> <span class='ocrx_word' id='word_1_2' title='bbox 575 199 647 253; x_wconf 88' lang='lat' dir='ltr'>PRO</span> <span class='ocrx_word' id='word_1_3' title='bbox 672 198 794 253; x_wconf 83' lang='lat' dir='ltr'>SESTIO</span> 
     </span>
    </p>
   </div>
   <div class='ocr_carea' id='block_1_2' title="bbox 70 365 1235 1780">
    <p class='ocr_par' dir='ltr' id='par_1_2' title="bbox 70 365 1235 1780">
     <span class='ocr_line' id='line_1_2' title="bbox 70 365 1164 444; baseline -0.002 -18"><span class='ocrx_word' id='word_1_4' title='bbox 70 378 157 440; x_wconf 77' lang='lat'>§141.</span> <span class='ocrx_word' id='word_1_5' title='bbox 209 382 210 386; x_wconf 75' lang='grc'>’</span> <span class='ocrx_word' id='word_1_6' title='bbox 244 367 378 437; x_wconf 80' lang='lat' dir='ltr'><strong>Quodsi</strong></span> <span class='ocrx_word' id='word_1_7' title='bbox 401 372 488 444; x_wconf 93' lang='lat' dir='ltr'>aput</span> <span class='ocrx_word' id='word_1_8' title='bbox 510 368 751 428; x_wconf 87' lang='lat' dir='ltr'>Athenienses</span> <span class='ocrx_word' id='word_1_9' title='bbox 778 367 938 427; x_wconf 89' lang='lat' dir='ltr'>homines</span> <span class='ocrx_word' id='word_1_10' title='bbox 962 365 1124 425; x_wconf 83' lang='lat' dir='ltr'>Graecos.</span> <span class='ocrx_word' id='word_1_11' title='bbox 1162 379 1164 385; x_wconf 68' lang='grc'><strong>“</strong></span> 
     </span>
     <span class='ocr_line' id='line_1_3' title="bbox 345 456 1192 536; baseline -0.002 -21.213"><span class='ocrx_word' id='word_1_12' title='bbox 345 457 491 517; x_wconf 84' lang='lat' dir='ltr'>inlustrat</span> <span class='ocrx_word' id='word_1_13' title='bbox 527 459 661 536; x_wconf 86' lang='lat' dir='ltr'>vigorem</span> <span class='ocrx_word' id='word_1_14' title='bbox 697 459 790 516; x_wconf 88' lang='lat' dir='ltr'>animi</span> <span class='ocrx_word' id='word_1_15' title='bbox 824 457 1004 532; x_wconf 88' lang='lat' dir='ltr'>virtutisque</span> <span class='ocrx_word' id='word_1_16' title='bbox 1039 456 1192 514; x_wconf 77' lang='lat' dir='ltr'><strong>Romanae</strong></span> 
     </span>
     <span class='ocr_line' id='line_1_4' title="bbox 177 546 1193 624; baseline -0.002 -20"><span class='ocrx_word' id='word_1_17' title='bbox 177 565 277 606; x_wconf 90' lang='lat' dir='ltr'>omnes</span> <span class='ocrx_word' id='word_1_18' title='bbox 300 548 499 622; x_wconf 78' lang='lat' dir='ltr'>periculorum</span> <span class='ocrx_word' id='word_1_19' title='bbox 522 549 657 606; x_wconf 91' lang='lat' dir='ltr'>incursus</span> <span class='ocrx_word' id='word_1_20' title='bbox 676 547 872 624; x_wconf 83' lang='lat' dir='ltr'>neglegentis3</span> <span class='ocrx_word' id='word_1_21' title='bbox 896 546 977 605; x_wconf 85' lang='lat' dir='ltr'>faeta</span> <span class='ocrx_word' id='word_1_22' title='bbox 994 547 1096 604; x_wconf 87' lang='lat' dir='ltr'>tamen</span> <span class='ocrx_word' id='word_1_23' title='bbox 1115 562 1193 603; x_wconf 92' lang='lat' dir='ltr'>com-</span> 
     </span>
     <span class='ocr_line' id='line_1_5' title="bbox 176 635 1193 712; baseline -0.004 -18"><span class='ocrx_word' id='word_1_24' title='bbox 176 638 390 694; x_wconf 79' lang='lat' dir='ltr'>memoratione</span> <span class='ocrx_word' id='word_1_25' title='bbox 426 655 480 712; x_wconf 88' lang='lat' dir='ltr'>per</span> <span class='ocrx_word' id='word_1_26' title='bbox 516 635 715 694; x_wconf 81' lang='lat' dir='ltr'>differentiam</span> <span class='ocrx_word' id='word_1_27' title='bbox 751 637 883 694; x_wconf 85' lang='lat' dir='ltr'>virorum</span> <span class='ocrx_word' id='word_1_28' title='bbox 919 635 1104 706; x_wconf 90' lang='lat' dir='ltr'>inlustrium,</span> <span class='ocrx_word' id='word_1_29' title='bbox 1141 635 1193 708; x_wconf 93' lang='lat' dir='ltr'>qui</span> 
     </span>
     <span class='ocr_line' id='line_1_6' title="bbox 177 722 1233 801; baseline -0.003 -17"><span class='ocrx_word' id='word_1_30' title='bbox 177 727 251 801; x_wconf 92' lang='lat' dir='ltr'>aput</span> <span class='ocrx_word' id='word_1_31' title='bbox 269 725 464 784; x_wconf 84' lang='lat' dir='ltr'>Athenienses</span> <span class='ocrx_word' id='word_1_32' title='bbox 488 727 664 799; x_wconf 74' lang='lat' dir='ltr'>extiterunt,</span> <span class='ocrx_word' id='word_1_33' title='bbox 688 725 795 801; x_wconf 91' lang='lat' dir='ltr'>quibus</span> <span class='ocrx_word' id='word_1_34' title='bbox 818 725 881 782; x_wconf 88' lang='lat' dir='ltr'>sine</span> <span class='ocrx_word' id='word_1_35' title='bbox 905 722 994 782; x_wconf 88' lang='lat' dir='ltr'>dubio</span> <span class='ocrx_word' id='word_1_36' title='bbox 1013 724 1193 782; x_wconf 88' lang='lat' dir='ltr'>strenuiores</span> <span class='ocrx_word' id='word_1_37' title='bbox 1221 741 1233 781; x_wconf 82' lang='lat' dir='ltr'>s</span> 
     </span>
     <span class='ocr_line' id='line_1_7' title="bbox 177 813 1194 891; baseline -0.004 -18"><span class='ocrx_word' id='word_1_38' title='bbox 177 815 252 873; x_wconf 89' lang='lat' dir='ltr'>dicit</span> <span class='ocrx_word' id='word_1_39' title='bbox 264 814 414 873; x_wconf 87' lang='lat' dir='ltr'>Romanos</span> <span class='ocrx_word' id='word_1_40' title='bbox 429 833 492 872; x_wconf 87' lang='lat' dir='ltr'>esse</span> <span class='ocrx_word' id='word_1_41' title='bbox 507 814 620 873; x_wconf 91' lang='lat' dir='ltr'>debere.</span> <span class='ocrx_word' id='word_1_42' title='bbox 652 814 761 873; x_wconf 88' lang='lat' dir='ltr'>Intulit</span> <span class='ocrx_word' id='word_1_43' title='bbox 776 815 870 891; x_wconf 90' lang='lat' dir='ltr'>igitur</span> <span class='ocrx_word' id='word_1_44' title='bbox 883 813 1194 872; x_wconf 76' lang='lat' dir='ltr'>commemorationem</span> 
     </span>
     <span class='ocr_line' id='line_1_8' title="bbox 177 900 1194 979; baseline -0.003 -18"><span class='ocrx_word' id='word_1_45' title='bbox 177 905 273 979; x_wconf 89' lang='lat' dir='ltr'>primo</span> <span class='ocrx_word' id='word_1_46' title='bbox 302 903 508 962; x_wconf 80' lang='lat' dir='ltr'>Themistocli:</span> <span class='ocrx_word' id='word_1_47' title='bbox 541 906 593 979; x_wconf 90' lang='lat' dir='ltr'>qui</span> <span class='ocrx_word' id='word_1_48' title='bbox 622 905 753 979; x_wconf 89' lang='lat' dir='ltr'>primum</span> <span class='ocrx_word' id='word_1_49' title='bbox 779 902 858 961; x_wconf 87' lang='lat' dir='ltr'>bello</span> <span class='ocrx_word' id='word_1_50' title='bbox 882 900 1046 977; x_wconf 75' lang='lat' dir='ltr'>Corcyraeo</span> <span class='ocrx_word' id='word_1_51' title='bbox 1073 904 1194 976; x_wconf 88' lang='lat' dir='ltr'>praetor</span> 
     </span>
     <span class='ocr_line' id='line_1_9' title="bbox 177 990 1193 1068; baseline -0.003 -18"><span class='ocrx_word' id='word_1_52' title='bbox 177 994 274 1052; x_wconf 87' lang='lat' dir='ltr'>factus</span> <span class='ocrx_word' id='word_1_53' title='bbox 298 1011 333 1050; x_wconf 84' lang='lat' dir='ltr'>ex</span> <span class='ocrx_word' id='word_1_54' title='bbox 356 995 482 1068; x_wconf 91' lang='lat' dir='ltr'>pecunia</span> <span class='ocrx_word' id='word_1_55' title='bbox 505 993 625 1068; x_wconf 88' lang='lat' dir='ltr'>publica</span> <span class='ocrx_word' id='word_1_56' title='bbox 649 995 768 1052; x_wconf 86' lang='lat' dir='ltr'>centurn</span> <span class='ocrx_word' id='word_1_57' title='bbox 790 993 913 1050; x_wconf 86' lang='lat' dir='ltr'>navium</span> <span class='ocrx_word' id='word_1_58' title='bbox 936 992 1060 1050; x_wconf 83' lang='lat' dir='ltr'>classem</span> <span class='ocrx_word' id='word_1_59' title='bbox 1082 990 1193 1048; x_wconf 88' lang='lat' dir='ltr'>facien·</span> 
     </span>
     <span class='ocr_line' id='line_1_10' title="bbox 177 1079 1192 1157; baseline -0.002 -17"><span class='ocrx_word' id='word_1_60' title='bbox 177 1082 247 1140; x_wconf 90' lang='lat' dir='ltr'>dam</span> <span class='ocrx_word' id='word_1_61' title='bbox 270 1099 333 1140; x_wconf 90' lang='lat' dir='ltr'>esse</span> <span class='ocrx_word' id='word_1_62' title='bbox 357 1084 507 1157; x_wconf 88' lang='lat' dir='ltr'>persuasit</span> <span class='ocrx_word' id='word_1_63' title='bbox 530 1084 560 1139; x_wconf 92' lang='lat' dir='ltr'>et</span> <span class='ocrx_word' id='word_1_64' title='bbox 586 1079 765 1157; x_wconf 81' lang='lat' dir='ltr'>Corcyraeos</span> <span class='ocrx_word' id='word_1_65' title='bbox 794 1099 861 1139; x_wconf 87' lang='lat' dir='ltr'>cum</span> <span class='ocrx_word' id='word_1_66' title='bbox 885 1079 1083 1156; x_wconf 89' lang='lat' dir='ltr'>praedonibus</span> <span class='ocrx_word' id='word_1_67' title='bbox 1111 1080 1192 1138; x_wconf 85' lang='lat' dir='ltr'>vicit.</span> 
     </span>
     <span class='ocr_line' id='line_1_11' title="bbox 178 1167 1235 1246; baseline 0 -18"><span class='ocrx_word' id='word_1_68' title='bbox 178 1170 310 1246; x_wconf 79' lang='lat' dir='ltr'>Cumque</span> <span class='ocrx_word' id='word_1_69' title='bbox 342 1171 424 1228; x_wconf 91' lang='lat' dir='ltr'>mille</span> <span class='ocrx_word' id='word_1_70' title='bbox 457 1172 488 1228; x_wconf 92' lang='lat' dir='ltr'>et</span> <span class='ocrx_word' id='word_1_71' title='bbox 519 1170 661 1228; x_wconf 89' lang='lat' dir='ltr'>ducentas</span> <span class='ocrx_word' id='word_1_72' title='bbox 694 1187 784 1228; x_wconf 88' lang='lat' dir='ltr'>naves</span> <span class='ocrx_word' id='word_1_73' title='bbox 816 1170 921 1246; x_wconf 88' lang='lat' dir='ltr'>longas</span> <span class='ocrx_word' id='word_1_74' title='bbox 949 1171 979 1227; x_wconf 90' lang='lat' dir='ltr'>et</span> <span class='ocrx_word' id='word_1_75' title='bbox 1011 1168 1069 1227; x_wconf 95' lang='lat' dir='ltr'>duo</span> <span class='ocrx_word' id='word_1_76' title='bbox 1096 1167 1193 1225; x_wconf 89' lang='lat' dir='ltr'>millia</span> <span class='ocrx_word' id='word_1_77' title='bbox 1207 1187 1235 1228; x_wconf 82' lang='grc' dir='ltr'>ιο</span> 
     </span>
     <span class='ocr_line' id='line_1_12' title="bbox 178 1258 1194 1337; baseline -0.003 -20"><span class='ocrx_word' id='word_1_78' title='bbox 178 1261 382 1318; x_wconf 86' lang='lat' dir='ltr'>onerariarum</span> <span class='ocrx_word' id='word_1_79' title='bbox 418 1261 449 1316; x_wconf 90' lang='lat' dir='ltr'>et</span> <span class='ocrx_word' id='word_1_80' title='bbox 480 1260 671 1337; x_wconf 83' lang='lat' dir='ltr'>septingenta</span> <span class='ocrx_word' id='word_1_81' title='bbox 702 1259 798 1316; x_wconf 86' lang='lat' dir='ltr'>millia</span> <span class='ocrx_word' id='word_1_82' title='bbox 831 1258 966 1333; x_wconf 89' lang='lat' dir='ltr'>peditum</span> <span class='ocrx_word' id='word_1_83' title='bbox 997 1260 1028 1315; x_wconf 90' lang='lat' dir='ltr'>et</span> <span class='ocrx_word' id='word_1_84' title='bbox 1059 1258 1194 1332; x_wconf 89' lang='lat' dir='ltr'>equitum</span> 
     </span>
     <span class='ocr_line' id='line_1_13' title="bbox 177 1340 1193 1426; baseline -0.003 -19"><span class='ocrx_word' id='word_1_85' title='bbox 177 1348 396 1426; x_wconf 83' lang='lat' dir='ltr'>quadringenta</span> <span class='ocrx_word' id='word_1_86' title='bbox 405 1347 515 1406; x_wconf 83' lang='lat' dir='ltr'>Xerxes</span> <span class='ocrx_word' id='word_1_87' title='bbox 529 1350 561 1405; x_wconf 90' lang='lat' dir='ltr'>in</span> <span class='ocrx_word' id='word_1_88' title='bbox 572 1346 727 1407; x_wconf 80' lang='lat' dir='ltr'>Graeciam</span> <span class='ocrx_word' id='word_1_89' title='bbox 742 1347 908 1406; x_wconf 88' lang='lat' dir='ltr'>induxisset</span> <span class='ocrx_word' id='word_1_90' title='bbox 922 1340 990 1425; x_wconf 88' lang='lat' dir='ltr'>[et]‚</span> <span class='ocrx_word' id='word_1_91' title='bbox 1004 1365 1039 1404; x_wconf 88' lang='lat' dir='ltr'>ex</span> <span class='ocrx_word' id='word_1_92' title='bbox 1053 1363 1193 1422; x_wconf 90' lang='lat' dir='ltr'>responso</span> 
     </span>
     <span class='ocr_line' id='line_1_14' title="bbox 177 1435 1194 1513; baseline -0.003 -18"><span class='ocrx_word' id='word_1_93' title='bbox 177 1437 341 1513; x_wconf 84' lang='lat' dir='ltr'>Apollinis,</span> <span class='ocrx_word' id='word_1_94' title='bbox 364 1457 423 1513; x_wconf 91' lang='lat' dir='ltr'>quo</span> <span class='ocrx_word' id='word_1_95' title='bbox 447 1437 633 1512; x_wconf 89' lang='lat' dir='ltr'>praedictum</span> <span class='ocrx_word' id='word_1_96' title='bbox 655 1440 732 1511; x_wconf 80' lang='lat' dir='ltr'>erat,</span> <span class='ocrx_word' id='word_1_97' title='bbox 760 1439 795 1496; x_wconf 90' lang='lat' dir='ltr'>ut</span> <span class='ocrx_word' id='word_1_98' title='bbox 817 1455 848 1495; x_wconf 91' lang='lat' dir='ltr'>se</span> <span class='ocrx_word' id='word_1_99' title='bbox 871 1435 1066 1494; x_wconf 88' lang='lat' dir='ltr'>Athenienses</span> <span class='ocrx_word' id='word_1_100' title='bbox 1095 1435 1194 1513; x_wconf 90' lang='lat' dir='ltr'>ligneo</span> 
     </span>
     <span class='ocr_line' id='line_1_15' title="bbox 177 1524 1195 1601; baseline -0.005 -15"><span class='ocrx_word' id='word_1_101' title='bbox 177 1546 262 1586; x_wconf 93' lang='lat' dir='ltr'>muro</span> <span class='ocrx_word' id='word_1_102' title='bbox 295 1528 462 1601; x_wconf 85' lang='lat' dir='ltr'>tuerentur,</span> <span class='ocrx_word' id='word_1_103' title='bbox 494 1527 574 1584; x_wconf 93' lang='lat' dir='ltr'>idem</span> <span class='ocrx_word' id='word_1_104' title='bbox 602 1526 814 1586; x_wconf 82' lang='lat' dir='ltr'>Themistocles</span> <span class='ocrx_word' id='word_1_105' title='bbox 842 1526 995 1584; x_wconf 87' lang='lat' dir='ltr'>oraculum</span> <span class='ocrx_word' id='word_1_106' title='bbox 1022 1524 1195 1599; x_wconf 83' lang='lat' dir='ltr'>explanavit</span> 
     </span>
     <span class='ocr_line' id='line_1_16' title="bbox 178 1614 1234 1691; baseline -0.002 -17"><span class='ocrx_word' id='word_1_107' title='bbox 178 1616 217 1674; x_wconf 89' lang='lat' dir='ltr'>ad</span> <span class='ocrx_word' id='word_1_108' title='bbox 239 1615 421 1691; x_wconf 88' lang='lat' dir='ltr'>praesidium</span> <span class='ocrx_word' id='word_1_109' title='bbox 444 1618 567 1675; x_wconf 83' lang='lat' dir='ltr'>navium</span> <span class='ocrx_word' id='word_1_110' title='bbox 589 1617 747 1690; x_wconf 91' lang='lat' dir='ltr'>pertinere,</span> <span class='ocrx_word' id='word_1_111' title='bbox 771 1618 805 1673; x_wconf 94' lang='lat' dir='ltr'>ut</span> <span class='ocrx_word' id='word_1_112' title='bbox 827 1616 859 1673; x_wconf 92' lang='lat' dir='ltr'>in</span> <span class='ocrx_word' id='word_1_113' title='bbox 882 1633 932 1674; x_wconf 89' lang='lat' dir='ltr'>sas</span> <span class='ocrx_word' id='word_1_114' title='bbox 953 1614 1146 1691; x_wconf 85' lang='lat' dir='ltr'>confugerent</span> <span class='ocrx_word' id='word_1_115' title='bbox 1164 1615 1195 1670; x_wconf 94' lang='lat' dir='ltr'>et</span> <span class='ocrx_word' id='word_1_116' title='bbox 1208 1631 1234 1672; x_wconf 83' lang='lat' dir='ltr'>rs</span> 
     </span>
     <span class='ocr_line' id='line_1_17' title="bbox 177 1703 1194 1780; baseline -0.003 -17"><span class='ocrx_word' id='word_1_117' title='bbox 177 1706 289 1780; x_wconf 88' lang='lat' dir='ltr'>partim</span> <span class='ocrx_word' id='word_1_118' title='bbox 317 1704 502 1763; x_wconf 82' lang='lat' dir='ltr'>Salaminam</span> <span class='ocrx_word' id='word_1_119' title='bbox 533 1706 643 1780; x_wconf 87' lang='lat' dir='ltr'>partim</span> <span class='ocrx_word' id='word_1_120' title='bbox 675 1704 855 1763; x_wconf 83' lang='lat' dir='ltr'>Troezenam</span> <span class='ocrx_word' id='word_1_121' title='bbox 886 1706 1034 1780; x_wconf 83' lang='lat' dir='ltr'>peterent,</span> <span class='ocrx_word' id='word_1_122' title='bbox 1067 1703 1194 1764; x_wconf 83' lang='lat' dir='ltr'>maiores</span> 
     </span>
    </p>
   </div>
   <div class='ocr_carea' id='block_1_3' title="bbox 182 1817 350 1824">
    <p class='ocr_par' dir='ltr' id='par_1_3' title="bbox 182 1817 350 1824">
     <span class='ocr_line' id='line_1_18' title="bbox 182 1817 350 1824; baseline -0.006 0"><span class='ocrx_word' id='word_1_123' title='bbox 182 1817 350 1824; x_wconf 69' lang='lat'>———---</span> 
     </span>
    </p>
   </div>
   <div class='ocr_carea' id='block_1_4' title="bbox 264 1870 1195 1944">
    <p class='ocr_par' dir='ltr' id='par_1_4' title="bbox 264 1870 1195 1944">
     <span class='ocr_line' id='line_1_19' title="bbox 264 1870 1195 1944; baseline -0.003 -17"><span class='ocrx_word' id='word_1_124' title='bbox 264 1880 341 1944; x_wconf 72' lang='lat' dir='ltr'>tsqq.</span> <span class='ocrx_word' id='word_1_125' title='bbox 360 1873 454 1944; x_wconf 92' lang='lat' dir='ltr'>Nepos</span> <span class='ocrx_word' id='word_1_126' title='bbox 472 1874 521 1928; x_wconf 84' lang='lat' dir='ltr'>rit.</span> <span class='ocrx_word' id='word_1_127' title='bbox 536 1874 632 1928; x_wconf 85' lang='lat' dir='ltr'>Them.</span> <span class='ocrx_word' id='word_1_128' title='bbox 649 1879 673 1940; x_wconf 79' lang='lat'>2,</span> <span class='ocrx_word' id='word_1_129' title='bbox 691 1881 764 1943; x_wconf 80' lang='lat' dir='ltr'>lcqq.</span> <span class='ocrx_word' id='word_1_130' title='bbox 783 1873 894 1927; x_wconf 86' lang='lat' dir='ltr'>Primus</span> <span class='ocrx_word' id='word_1_131' title='bbox 913 1875 1008 1926; x_wconf 87' lang='lat' dir='ltr'>autem</span> <span class='ocrx_word' id='word_1_132' title='bbox 1021 1871 1125 1942; x_wconf 87' lang='lat' dir='ltr'>gradus</span> <span class='ocrx_word' id='word_1_133' title='bbox 1139 1870 1195 1924; x_wconf 84' lang='lat' dir='ltr'>fuit</span> 
     </span>
    </p>
   </div>
   <div class='ocr_carea' id='block_1_5' title="bbox 178 1943 1196 3013">
    <p class='ocr_par' dir='ltr' id='par_1_5' title="bbox 178 1943 1196 3013">
     <span class='ocr_line' id='line_1_20' title="bbox 179 1943 1195 2016; baseline -0.004 -16"><span class='ocrx_word' id='word_1_134' title='bbox 179 1947 367 2016; x_wconf 86' lang='lat' dir='ltr'>capessendae</span> <span class='ocrx_word' id='word_1_135' title='bbox 385 1945 576 2016; x_wconf 89' lang='lat' dir='ltr'>reipublicae</span> <span class='ocrx_word' id='word_1_136' title='bbox 594 1944 670 1998; x_wconf 90' lang='lat' dir='ltr'>bello</span> <span class='ocrx_word' id='word_1_137' title='bbox 689 1944 856 2014; x_wconf 78' lang='lat' dir='ltr'>Corcyrae03</span> <span class='ocrx_word' id='word_1_138' title='bbox 884 1946 921 1998; x_wconf 90' lang='lat' dir='ltr'>ad</span> <span class='ocrx_word' id='word_1_139' title='bbox 944 1943 1019 2012; x_wconf 93' lang='lat' dir='ltr'>quod</span> <span class='ocrx_word' id='word_1_140' title='bbox 1041 1944 1195 2013; x_wconf 88' lang='lat' dir='ltr'>gerendum</span> 
     </span>
     <span class='ocr_line' id='line_1_21' title="bbox 178 2013 1193 2087; baseline -0.002 -17"><span class='ocrx_word' id='word_1_141' title='bbox 178 2020 291 2087; x_wconf 90' lang='lat' dir='ltr'>praetor</span> <span class='ocrx_word' id='word_1_142' title='bbox 309 2033 327 2070; x_wconf 89' lang='lat' dir='ltr'>a</span> <span class='ocrx_word' id='word_1_143' title='bbox 345 2017 449 2086; x_wconf 89' lang='lat' dir='ltr'>populo</span> <span class='ocrx_word' id='word_1_144' title='bbox 468 2016 561 2070; x_wconf 82' lang='lat' dir='ltr'>iactus</span> <span class='ocrx_word' id='word_1_145' title='bbox 581 2059 586 2070; x_wconf 95' lang='lat'>.</span> <span class='ocrx_word' id='word_1_146' title='bbox 603 2059 608 2070; x_wconf 95' lang='lat'>.</span> <span class='ocrx_word' id='word_1_147' title='bbox 625 2060 630 2070; x_wconf 92' lang='lat'>.</span> <span class='ocrx_word' id='word_1_148' title='bbox 648 2060 653 2070; x_wconf 92' lang='lat'><em>.</em></span> <span class='ocrx_word' id='word_1_149' title='bbox 690 2015 765 2070; x_wconf 89' lang='lat' dir='ltr'>Nam</span> <span class='ocrx_word' id='word_1_150' title='bbox 788 2033 852 2070; x_wconf 90' lang='lat' dir='ltr'>cnm</span> <span class='ocrx_word' id='word_1_151' title='bbox 870 2017 990 2086; x_wconf 91' lang='lat' dir='ltr'>pecunia</span> <span class='ocrx_word' id='word_1_152' title='bbox 1008 2013 1124 2085; x_wconf 90' lang='lat' dir='ltr'>publica</span> <span class='ocrx_word' id='word_1_153' title='bbox 1143 2058 1148 2068; x_wconf 91' lang='lat'>.</span> <span class='ocrx_word' id='word_1_154' title='bbox 1165 2057 1193 2068; x_wconf 90' lang='lat'>..</span> 
     </span>
     <span class='ocr_line' id='line_1_22' title="bbox 179 2085 1195 2158; baseline -0.005 -15"><span class='ocrx_word' id='word_1_155' title='bbox 179 2088 329 2156; x_wconf 83' lang='lat' dir='ltr'>quotannis</span> <span class='ocrx_word' id='word_1_156' title='bbox 345 2087 482 2154; x_wconf 84' lang='lat' dir='ltr'>interiret,</span> <span class='ocrx_word' id='word_1_157' title='bbox 500 2087 550 2141; x_wconf 89' lang='lat' dir='ltr'>ille</span> <span class='ocrx_word' id='word_1_158' title='bbox 567 2089 709 2157; x_wconf 84' lang='lat' dir='ltr'>persuasit</span> <span class='ocrx_word' id='word_1_159' title='bbox 727 2088 840 2158; x_wconf 81' lang='lat' dir='ltr'>populo,</span> <span class='ocrx_word' id='word_1_160' title='bbox 859 2090 892 2141; x_wconf 90' lang='lat' dir='ltr'>ut</span> <span class='ocrx_word' id='word_1_161' title='bbox 910 2103 945 2141; x_wconf 92' lang='lat' dir='ltr'>ea</span> <span class='ocrx_word' id='word_1_162' title='bbox 962 2087 1083 2157; x_wconf 88' lang='lat' dir='ltr'>pecunia</span> <span class='ocrx_word' id='word_1_163' title='bbox 1097 2085 1195 2140; x_wconf 89' lang='lat' dir='ltr'>classis</span> 
     </span>
     <span class='ocr_line' id='line_1_23' title="bbox 179 2157 1195 2229; baseline -0.002 -16"><span class='ocrx_word' id='word_1_164' title='bbox 179 2161 293 2213; x_wconf 89' lang='lat' dir='ltr'>centum</span> <span class='ocrx_word' id='word_1_165' title='bbox 313 2159 428 2212; x_wconf 86' lang='lat' dir='ltr'>navium</span> <span class='ocrx_word' id='word_1_166' title='bbox 447 2158 651 2213; x_wconf 86' lang='lat' dir='ltr'>aedificaretur.</span> <span class='ocrx_word' id='word_1_167' title='bbox 769 2159 893 2229; x_wconf 88' lang='lat' dir='ltr'>primum</span> <span class='ocrx_word' id='word_1_168' title='bbox 912 2157 1079 2227; x_wconf 81' lang='lat' dir='ltr'>Corcyraeos</span> <span class='ocrx_word' id='word_1_169' title='bbox 1100 2157 1195 2228; x_wconf 77' lang='lat' dir='ltr'>fregit,</span> 
     </span>
     <span class='ocr_line' id='line_1_24' title="bbox 179 2227 1193 2300; baseline -0.001 -17"><span class='ocrx_word' id='word_1_170' title='bbox 179 2230 281 2285; x_wconf 90' lang='lat' dir='ltr'>deinde</span> <span class='ocrx_word' id='word_1_171' title='bbox 299 2229 456 2283; x_wconf 87' lang='lat' dir='ltr'>maritimos</span> <span class='ocrx_word' id='word_1_172' title='bbox 474 2231 630 2300; x_wconf 83' lang='lat' dir='ltr'>praedones</span> <span class='ocrx_word' id='word_1_173' title='bbox 649 2231 836 2285; x_wconf 88' lang='lat' dir='ltr'>consectando</span> <span class='ocrx_word' id='word_1_174' title='bbox 855 2246 933 2283; x_wconf 87' lang='lat' dir='ltr'>mare</span> <span class='ocrx_word' id='word_1_175' title='bbox 951 2232 1045 2284; x_wconf 89' lang='lat' dir='ltr'>tutum</span> <span class='ocrx_word' id='word_1_176' title='bbox 1060 2227 1193 2283; x_wconf 86' lang='lat' dir='ltr'>reddidit.</span> 
     </span>
     <span class='ocr_line' id='line_1_25' title="bbox 178 2299 1195 2370; baseline -0.003 -15"><span class='ocrx_word' id='word_1_177' title='bbox 178 2301 252 2355; x_wconf 89' lang='lat' dir='ltr'>Nam</span> <span class='ocrx_word' id='word_1_178' title='bbox 267 2318 331 2354; x_wconf 90' lang='lat' dir='ltr'>cum</span> <span class='ocrx_word' id='word_1_179' title='bbox 339 2300 443 2354; x_wconf 87' lang='lat' dir='ltr'>Xerxes</span> <span class='ocrx_word' id='word_1_180' title='bbox 498 2301 605 2356; x_wconf 91' lang='lat' dir='ltr'>bellum</span> <span class='ocrx_word' id='word_1_181' title='bbox 619 2302 765 2357; x_wconf 86' lang='lat' dir='ltr'>universae</span> <span class='ocrx_word' id='word_1_182' title='bbox 779 2301 897 2355; x_wconf 86' lang='lat' dir='ltr'>inferret</span> <span class='ocrx_word' id='word_1_183' title='bbox 906 2300 1046 2370; x_wconf 80' lang='lat' dir='ltr'>¹duropae3</span> <span class='ocrx_word' id='word_1_184' title='bbox 1111 2299 1195 2353; x_wconf 87' lang='lat' dir='ltr'>huius</span> 
     </span>
     <span class='ocr_line' id='line_1_26' title="bbox 179 2371 1196 2442; baseline -0.004 -14"><span class='ocrx_word' id='word_1_185' title='bbox 179 2373 255 2428; x_wconf 91' lang='lat' dir='ltr'>enim</span> <span class='ocrx_word' id='word_1_186' title='bbox 273 2372 371 2427; x_wconf 87' lang='lat' dir='ltr'>classis</span> <span class='ocrx_word' id='word_1_187' title='bbox 388 2371 467 2426; x_wconf 92' lang='lat' dir='ltr'>mille</span> <span class='ocrx_word' id='word_1_188' title='bbox 486 2373 515 2425; x_wconf 94' lang='lat' dir='ltr'>et</span> <span class='ocrx_word' id='word_1_189' title='bbox 534 2373 718 2428; x_wconf 88' lang='lat' dir='ltr'>ducentarum</span> <span class='ocrx_word' id='word_1_190' title='bbox 734 2373 850 2426; x_wconf 87' lang='lat' dir='ltr'>navium</span> <span class='ocrx_word' id='word_1_191' title='bbox 865 2372 1013 2442; x_wconf 89' lang='lat' dir='ltr'>longarum</span> <span class='ocrx_word' id='word_1_192' title='bbox 1027 2371 1091 2440; x_wconf 85' lang='lat' dir='ltr'>fuit,</span> <span class='ocrx_word' id='word_1_193' title='bbox 1110 2387 1196 2440; x_wconf 85' lang='lat' dir='ltr'>quam</span> 
     </span>
     <span class='ocr_line' id='line_1_27' title="bbox 180 2443 1196 2512; baseline -0.002 -15"><span class='ocrx_word' id='word_1_194' title='bbox 180 2444 338 2498; x_wconf 90' lang='lat' dir='ltr'>duomilia</span> <span class='ocrx_word' id='word_1_195' title='bbox 361 2444 551 2498; x_wconf 85' lang='lat' dir='ltr'>onerariarum</span> <span class='ocrx_word' id='word_1_196' title='bbox 577 2443 778 2512; x_wconf 85' lang='lat' dir='ltr'>sequebantur;</span> <span class='ocrx_word' id='word_1_197' title='bbox 806 2444 946 2498; x_wconf 86' lang='lat' dir='ltr'>terrestris</span> <span class='ocrx_word' id='word_1_198' title='bbox 970 2445 1064 2496; x_wconf 91' lang='lat' dir='ltr'>autem</span> <span class='ocrx_word' id='word_1_199' title='bbox 1092 2443 1196 2497; x_wconf 86' lang='lat' dir='ltr'>exerci-</span> 
     </span>
     <span class='ocr_line' id='line_1_28' title="bbox 178 2513 1195 2584; baseline -0.003 -15"><span class='ocrx_word' id='word_1_200' title='bbox 178 2517 225 2569; x_wconf 88' lang='lat' dir='ltr'>tus</span> <span class='ocrx_word' id='word_1_201' title='bbox 239 2513 308 2570; x_wconf 85' lang='lat' dir='ltr'>DCC</span> <span class='ocrx_word' id='word_1_202' title='bbox 321 2515 458 2584; x_wconf 85' lang='lat' dir='ltr'>peditum,</span> <span class='ocrx_word' id='word_1_203' title='bbox 478 2517 604 2583; x_wconf 87' lang='lat' dir='ltr'>equitum</span> <span class='ocrx_word' id='word_1_204' title='bbox 619 2515 704 2571; x_wconf 80' lang='lat' dir='ltr'>CCCC</span> <span class='ocrx_word' id='word_1_205' title='bbox 718 2515 798 2569; x_wconf 90' lang='lat' dir='ltr'>milia</span> <span class='ocrx_word' id='word_1_206' title='bbox 811 2515 926 2569; x_wconf 85' lang='lat' dir='ltr'>fuerunt</span> <span class='ocrx_word' id='word_1_207' title='bbox 945 2556 999 2569; x_wconf 89' lang='lat'>....</span> <span class='ocrx_word' id='word_1_208' title='bbox 1032 2513 1195 2567; x_wconf 87' lang='lat' dir='ltr'>Deliberan-</span> 
     </span>
     <span class='ocr_line' id='line_1_29' title="bbox 179 2584 1195 2656; baseline -0.004 -16"><span class='ocrx_word' id='word_1_209' title='bbox 179 2587 255 2641; x_wconf 90' lang='lat' dir='ltr'>tibus</span> <span class='ocrx_word' id='word_1_210' title='bbox 277 2584 381 2656; x_wconf 86' lang='lat' dir='ltr'>Pythia</span> <span class='ocrx_word' id='word_1_211' title='bbox 403 2587 561 2656; x_wconf 80' lang='lat' dir='ltr'>respondit,</span> <span class='ocrx_word' id='word_1_212' title='bbox 584 2590 617 2641; x_wconf 92' lang='lat' dir='ltr'>nt</span> <span class='ocrx_word' id='word_1_213' title='bbox 634 2587 780 2642; x_wconf 89' lang='lat' dir='ltr'>moenibus</span> <span class='ocrx_word' id='word_1_214' title='bbox 800 2586 902 2656; x_wconf 86' lang='lat' dir='ltr'>ligneis</span> <span class='ocrx_word' id='word_1_215' title='bbox 921 2603 950 2640; x_wconf 89' lang='lat' dir='ltr'>se</span> <span class='ocrx_word' id='word_1_216' title='bbox 973 2586 1122 2640; x_wconf 87' lang='lat' dir='ltr'>munirent.</span> <span class='ocrx_word' id='word_1_217' title='bbox 1163 2584 1195 2637; x_wconf 90' lang='lat' dir='ltr'>Id</span> 
     </span>
     <span class='ocr_line' id='line_1_30' title="bbox 178 2656 1195 2728; baseline -0.003 -16"><span class='ocrx_word' id='word_1_218' title='bbox 178 2675 343 2728; x_wconf 90' lang='lat' dir='ltr'>responsum</span> <span class='ocrx_word' id='word_1_219' title='bbox 366 2674 421 2726; x_wconf 92' lang='lat' dir='ltr'>quo</span> <span class='ocrx_word' id='word_1_220' title='bbox 439 2657 558 2726; x_wconf 83' lang='lat' dir='ltr'>valeret,</span> <span class='ocrx_word' id='word_1_221' title='bbox 586 2676 649 2713; x_wconf 91' lang='lat' dir='ltr'>cum</span> <span class='ocrx_word' id='word_1_222' title='bbox 671 2658 850 2728; x_wconf 83' lang='lat' dir='ltr'>intellegeret</span> <span class='ocrx_word' id='word_1_223' title='bbox 872 2674 966 2724; x_wconf 77' lang='lat' dir='ltr'>nemo,</span> <span class='ocrx_word' id='word_1_224' title='bbox 994 2656 1195 2711; x_wconf 83' lang='lat' dir='ltr'>Themistocles</span> 
     </span>
     <span class='ocr_line' id='line_1_31' title="bbox 178 2729 1196 2800; baseline -0.004 -16"><span class='ocrx_word' id='word_1_225' title='bbox 178 2730 320 2800; x_wconf 87' lang='lat' dir='ltr'>persuasit</span> <span class='ocrx_word' id='word_1_226' title='bbox 338 2729 485 2784; x_wconf 89' lang='lat' dir='ltr'>consilium</span> <span class='ocrx_word' id='word_1_227' title='bbox 505 2746 564 2784; x_wconf 89' lang='lat' dir='ltr'>esse</span> <span class='ocrx_word' id='word_1_228' title='bbox 583 2729 737 2799; x_wconf 83' lang='lat' dir='ltr'>Apollinis,</span> <span class='ocrx_word' id='word_1_229' title='bbox 759 2731 792 2783; x_wconf 91' lang='lat' dir='ltr'>ut</span> <span class='ocrx_word' id='word_1_230' title='bbox 810 2730 840 2782; x_wconf 90' lang='lat' dir='ltr'>in</span> <span class='ocrx_word' id='word_1_231' title='bbox 858 2745 942 2783; x_wconf 90' lang='lat' dir='ltr'>naves</span> <span class='ocrx_word' id='word_1_232' title='bbox 957 2745 986 2782; x_wconf 88' lang='lat' dir='ltr'>se</span> <span class='ocrx_word' id='word_1_233' title='bbox 1006 2744 1112 2796; x_wconf 89' lang='lat' dir='ltr'>suaque</span> <span class='ocrx_word' id='word_1_234' title='bbox 1130 2743 1196 2781; x_wconf 89' lang='lat' dir='ltr'>con·</span> 
     </span>
     <span class='ocr_line' id='line_1_32' title="bbox 179 2797 1196 2870; baseline -0.003 -16"><span class='ocrx_word' id='word_1_235' title='bbox 179 2801 292 2856; x_wconf 87' lang='lat' dir='ltr'>ferrent.</span> <span class='ocrx_word' id='word_1_236' title='bbox 392 2816 443 2854; x_wconf 89' lang='lat' dir='ltr'>sna</span> <span class='ocrx_word' id='word_1_237' title='bbox 462 2801 556 2854; x_wconf 89' lang='lat' dir='ltr'>omnia</span> <span class='ocrx_word' id='word_1_238' title='bbox 576 2843 623 2854; x_wconf 93' lang='lat'>...</span> <span class='ocrx_word' id='word_1_239' title='bbox 643 2801 748 2870; x_wconf 81' lang='lat' dir='ltr'>partim</span> <span class='ocrx_word' id='word_1_240' title='bbox 767 2799 917 2868; x_wconf 83' lang='lat' dir='ltr'>Salamina,</span> <span class='ocrx_word' id='word_1_241' title='bbox 935 2800 1041 2869; x_wconf 87' lang='lat' dir='ltr'>partim</span> <span class='ocrx_word' id='word_1_242' title='bbox 1054 2797 1196 2853; x_wconf 75' lang='lat' dir='ltr'>Troezena</span> 
     </span>
     <span class='ocr_line' id='line_1_33' title="bbox 180 2870 1121 2943; baseline -0.003 -18"><span class='ocrx_word' id='word_1_243' title='bbox 180 2873 342 2943; x_wconf 78' lang='lat' dir='ltr'>deportant3</span> <span class='ocrx_word' id='word_1_244' title='bbox 368 2888 461 2926; x_wconf 87' lang='lat' dir='ltr'>arcem</span> <span class='ocrx_word' id='word_1_245' title='bbox 483 2872 675 2926; x_wconf 88' lang='lat' dir='ltr'>sacerdotibus</span> <span class='ocrx_word' id='word_1_246' title='bbox 698 2871 852 2940; x_wconf 89' lang='lat' dir='ltr'>paucisque</span> <span class='ocrx_word' id='word_1_247' title='bbox 875 2870 1029 2925; x_wconf 88' lang='lat' dir='ltr'>maioribus</span> <span class='ocrx_word' id='word_1_248' title='bbox 1051 2872 1121 2924; x_wconf 89' lang='lat' dir='ltr'>natu</span> 
     </span>
     <span class='ocr_line' id='line_1_34' title="bbox 179 2943 806 3013; baseline 0 -15"><span class='ocrx_word' id='word_1_249' title='bbox 179 2945 305 3012; x_wconf 82' lang='lat' dir='ltr'>tradunt,</span> <span class='ocrx_word' id='word_1_250' title='bbox 323 2943 465 3012; x_wconf 90' lang='lat' dir='ltr'>reliquum</span> <span class='ocrx_word' id='word_1_251' title='bbox 482 2943 619 3013; x_wconf 88' lang='lat' dir='ltr'>oppidum</span> <span class='ocrx_word' id='word_1_252' title='bbox 637 2943 806 3010; x_wconf 88' lang='lat' dir='ltr'>relinquunt.</span> 
     </span>
    </p>
   </div>
   <div class='ocr_carea' id='block_1_6' title="bbox 180 3053 1196 3245">
    <p class='ocr_par' dir='ltr' id='par_1_6' title="bbox 180 3053 1196 3245">
     <span class='ocr_line' id='line_1_35' title="bbox 248 3053 1079 3174; baseline -0.001 -16"><span class='ocrx_word' id='word_1_253' title='bbox 248 3111 262 3158; x_wconf 92' lang='lat'>1</span> <span class='ocrx_word' id='word_1_254' title='bbox 292 3104 392 3174; x_wconf 91' lang='lat' dir='ltr'>quodsi</span> <span class='ocrx_word' id='word_1_255' title='bbox 420 3103 496 3158; x_wconf 73' lang='lat' dir='ltr'>codd.</span> <span class='ocrx_word' id='word_1_256' title='bbox 517 3105 571 3158; x_wconf 73' lang='lat' dir='ltr'>ca.</span> <span class='ocrx_word' id='word_1_257' title='bbox 598 3103 673 3171; x_wconf 91' lang='lat' dir='ltr'>quod</span> <span class='ocrx_word' id='word_1_258' title='bbox 702 3104 726 3158; x_wconf 86' lang='lat'><em>0</em></span> <span class='ocrx_word' id='word_1_259' title='bbox 803 3053 1079 3158; x_wconf 54' lang='grc' dir='ltr'>ὰΡῦΊᾲὴΕΝΙΕΝὸΕδ</span> 
     </span>
     <span class='ocr_line' id='line_1_36' title="bbox 180 3174 1196 3245; baseline -0.002 -16"><span class='ocrx_word' id='word_1_260' title='bbox 180 3184 196 3229; x_wconf 80' lang='lat'>2</span> <span class='ocrx_word' id='word_1_261' title='bbox 216 3179 265 3231; x_wconf 80' lang='lat' dir='ltr'>loc.</span> <span class='ocrx_word' id='word_1_262' title='bbox 275 3181 295 3231; x_wconf 83' lang='lat'><em>2</em></span> <span class='ocrx_word' id='word_1_263' title='bbox 304 3195 352 3231; x_wconf 85' lang='lat' dir='ltr'>cm.</span> <span class='ocrx_word' id='word_1_264' title='bbox 364 3178 396 3245; x_wconf 72' lang='lat' dir='ltr'>-l-</span> <span class='ocrx_word' id='word_1_265' title='bbox 406 3179 426 3230; x_wconf 83' lang='lat'><strong><em>2</em></strong></span> <span class='ocrx_word' id='word_1_266' title='bbox 436 3177 484 3230; x_wconf 79' lang='lat' dir='ltr'>lia.</span> <span class='ocrx_word' id='word_1_267' title='bbox 496 3177 529 3245; x_wconf 86' lang='grc' dir='ltr'>-Ι-</span> <span class='ocrx_word' id='word_1_268' title='bbox 540 3181 615 3230; x_wconf 68' lang='lat' dir='ltr'>dem.</span> <span class='ocrx_word' id='word_1_269' title='bbox 626 3201 659 3220; x_wconf 58' lang='grc' dir='ltr'>π</span> <span class='ocrx_word' id='word_1_270' title='bbox 670 3177 706 3228; x_wconf 84' lang='grc'>50</span> <span class='ocrx_word' id='word_1_271' title='bbox 716 3175 766 3229; x_wconf 84' lang='lat' dir='ltr'>litt.</span> <span class='ocrx_word' id='word_1_272' title='bbox 778 3175 883 3245; x_wconf 75' lang='lat' dir='ltr'>Zicqler</span> <span class='ocrx_word' id='word_1_273' title='bbox 898 3176 962 3245; x_wconf 76' lang='lat' dir='ltr'>legit</span> <span class='ocrx_word' id='word_1_274' title='bbox 970 3174 1112 3244; x_wconf 76' lang='lat' dir='ltr'>quaedam,</span> <span class='ocrx_word' id='word_1_275' title='bbox 1127 3190 1196 3243; x_wconf 80' lang='lat' dir='ltr'>quoa</span> 
     </span>
    </p>
   </div>
   <div class='ocr_carea' id='block_1_7' title="bbox 179 3245 1197 3633">
    <p class='ocr_par' dir='ltr' id='par_1_7' title="bbox 179 3245 1197 3633">
     <span class='ocr_line' id='line_1_37' title="bbox 179 3245 1196 3351; baseline -0.003 -13"><span class='ocrx_word' id='word_1_276' title='bbox 179 3283 258 3338; x_wconf 81' lang='lat' dir='ltr'>hodie</span> <span class='ocrx_word' id='word_1_277' title='bbox 271 3299 327 3336; x_wconf 75' lang='lat' dir='ltr'>noa</span> <span class='ocrx_word' id='word_1_278' title='bbox 342 3284 556 3351; x_wconf 73' lang='lat' dir='ltr'>perspiciantur.</span> <span class='ocrx_word' id='word_1_279' title='bbox 580 3283 668 3336; x_wconf 77' lang='lat' dir='ltr'>Initio</span> <span class='ocrx_word' id='word_1_280' title='bbox 685 3283 771 3349; x_wconf 79' lang='lat' dir='ltr'>faisse</span> <span class='ocrx_word' id='word_1_281' title='bbox 784 3282 923 3336; x_wconf 73' lang='lat' dir='ltr'>emundis</span> <span class='ocrx_word' id='word_1_282' title='bbox 942 3245 1108 3336; x_wconf 67' lang='lat' dir='ltr'>rotati..</span> <span class='ocrx_word' id='word_1_283' title='bbox 1124 3283 1196 3336; x_wconf 82' lang='grc' dir='ltr'>κατὰ</span> 
     </span>
     <span class='ocr_line' id='line_1_38' title="bbox 180 3353 1141 3421; baseline 0.001 -14"><span class='ocrx_word' id='word_1_284' title='bbox 180 3355 315 3419; x_wconf 77' lang='grc' dir='ltr'>ιύγκριειν</span> <span class='ocrx_word' id='word_1_285' title='bbox 329 3354 540 3419; x_wconf 84' lang='grc' dir='ltr'>παραδείγματα</span> <span class='ocrx_word' id='word_1_286' title='bbox 555 3355 803 3421; x_wconf 80' lang='grc' dir='ltr'>παραεκευάζεται·</span> <span class='ocrx_word' id='word_1_287' title='bbox 818 3355 905 3408; x_wconf 72' lang='grc' dir='ltr'>τόπος</span> <span class='ocrx_word' id='word_1_288' title='bbox 919 3353 967 3408; x_wconf 84' lang='grc' dir='ltr'>ἀπ’</span> <span class='ocrx_word' id='word_1_289' title='bbox 976 3355 1141 3408; x_wconf 66' lang='grc' dir='ltr'>ἐλάττονοεῖ</span> 
     </span>
     <span class='ocr_line' id='line_1_39' title="bbox 179 3422 1196 3492; baseline 0.002 -16"><span class='ocrx_word' id='word_1_290' title='bbox 179 3424 276 3491; x_wconf 87' lang='lat' dir='ltr'>rigore</span> <span class='ocrx_word' id='word_1_291' title='bbox 296 3424 344 3478; x_wconf 83' lang='lat' dir='ltr'>Om</span> <span class='ocrx_word' id='word_1_292' title='bbox 365 3423 492 3492; x_wconf 85' lang='lat' dir='ltr'>rigores</span> <span class='ocrx_word' id='word_1_293' title='bbox 553 3424 785 3492; x_wconf 82' lang='lat' dir='ltr'>uirtutisquan</span> <span class='ocrx_word' id='word_1_294' title='bbox 868 3422 1196 3478; x_wconf 69' lang='lat' dir='ltr'>teommemorationem</span> 
     </span>
     <span class='ocr_line' id='line_1_40' title="bbox 181 3493 1197 3564; baseline -0.002 -14"><span class='ocrx_word' id='word_1_295' title='bbox 181 3495 205 3550; x_wconf 83' lang='grc' dir='ltr'><em>Ο</em></span> <span class='ocrx_word' id='word_1_296' title='bbox 267 3493 489 3562; x_wconf 81' lang='lat' dir='ltr'>&#39;lOorcyraeoO</span> <span class='ocrx_word' id='word_1_297' title='bbox 545 3494 782 3564; x_wconf 67' lang='lat' dir='ltr'>tUorcyraeosO</span> <span class='ocrx_word' id='word_1_298' title='bbox 844 3499 877 3549; x_wconf 90' lang='lat'>10</span> <span class='ocrx_word' id='word_1_299' title='bbox 895 3494 983 3552; x_wconf 78' lang='lat' dir='ltr'>illeO</span> <span class='ocrx_word' id='word_1_300' title='bbox 1040 3501 1072 3550; x_wconf 77' lang='lat'>12</span> <span class='ocrx_word' id='word_1_301' title='bbox 1091 3495 1197 3550; x_wconf 88' lang='lat' dir='ltr'>Xersex</span> 
     </span>
     <span class='ocr_line' id='line_1_41' title="bbox 181 3565 690 3633; baseline -0.002 -12"><span class='ocrx_word' id='word_1_302' title='bbox 181 3566 205 3621; x_wconf 83' lang='grc' dir='ltr'><em>Ο</em></span> <span class='ocrx_word' id='word_1_303' title='bbox 256 3565 413 3618; x_wconf 86' lang='lat' dir='ltr'>induxisset</span> <span class='ocrx_word' id='word_1_304' title='bbox 431 3568 461 3620; x_wconf 91' lang='lat' dir='ltr'>et</span> <span class='ocrx_word' id='word_1_305' title='bbox 480 3568 557 3633; x_wconf 81' lang='lat' dir='ltr'>Ome,</span> <span class='ocrx_word' id='word_1_306' title='bbox 575 3583 643 3622; x_wconf 78' lang='lat' dir='ltr'>corr.</span> <span class='ocrx_word' id='word_1_307' title='bbox 658 3568 690 3622; x_wconf 82' lang='lat' dir='ltr'>st</span> 
     </span>
    </p>
   </div>
   <div class='ocr_carea' id='block_1_8' title="bbox 0 0 1340 3886">
    <p class='ocr_par' dir='ltr' id='par_1_8' title="bbox 0 0 1340 3886">
     <span class='ocr_line' id='line_1_42' title="bbox 0 0 1340 3886; baseline 0 0"><span class='ocrx_word' id='word_1_308' title='bbox 0 0 1340 3886; x_wconf 95' lang='lat' dir='ltr'> </span> 
     </span>
    </p>
   </div>
  </div>
 </body>
</html>
