2670 3876
189 153 214 208 X
586 151 802 207 PRAEFATIO.

256 327 278 382 d
307 339 377 397 pars
405 321 458 380 sub
487 321 580 379 ductu
606 322 776 380 transverso
804 322 904 396 posita
932 324 1143 398 angustissima
1172 326 1203 382 in

75 401 76 406 ¹
187 410 329 470 lineolam
352 409 475 484 excedit,
499 427 575 484 quae
598 408 653 468 sub
676 409 756 468 linea
778 412 845 485 ipsa
867 413 1010 470 terminat
1048 459 1054 470 .

256 507 275 558 Β
307 517 377 574 pars
405 498 540 574 superior
566 498 662 556 multo
695 501 851 577 angustior
882 502 927 558 est
954 517 1045 575 quam
1072 503 1202 561 inferior.

255 594 275 648 C
308 588 380 647 ere
408 587 579 646 litterarum
606 605 676 662 pars
704 590 839 663 superior
862 589 987 647 curvata
1014 607 1073 648 non
1097 593 1155 665 est3
1178 590 1204 650 si

187 677 304 752 littera,
333 694 409 752 queo
433 677 581 751 sequitur,
605 675 700 735 ductu
722 676 770 736 vel
793 679 874 736 recto
897 677 945 736 vel
967 679 1136 738 transverso
1159 679 1204 738 iu-
1326 699 1327 704 ¹

187 767 271 842 cipit,
289 766 345 824 hae
363 765 482 824 litterae
501 783 570 824 cum
588 764 643 824 illa
660 767 746 841 parte
765 765 899 845 longiore
917 785 1012 843 paene
1031 767 1204 827 coniunctae

185 855 333 914 videntur.

253 946 272 1002 o
300 943 391 1001 ductu
413 945 583 1002 transverso
606 943 755 1003 scribitur.

255 1039 275 1092 θ
301 1031 412 1091 lineola
434 1033 466 1090 in
490 1031 563 1091 dues
590 1035 692 1107 partes
716 1031 873 1106 dividitur,
909 1051 1036 1108 quarum
1067 1036 1205 1110 superior

186 1121 282 1180 multo
305 1121 403 1179 minor
426 1123 479 1180 est.
525 1120 619 1178 Lines
636 1121 765 1180 rotunde
784 1121 918 1197 superior
939 1123 971 1179 in
989 1126 1134 1198 punctum
1156 1141 1203 1182 ex-

184 1199 299 1269 cedere'
311 1209 438 1268 videtur.

219 1319 221 1324 ·
255 1306 275 1356 Ρ
298 1298 395 1357 medio
420 1298 511 1356 ductu
533 1299 566 1355 in
588 1301 689 1372 partes
712 1315 807 1374 paena
825 1313 935 1373 aequas
954 1299 1108 1374 dividitur,
1133 1319 1203 1376 qua-

186 1407 253 1446 rum
275 1386 399 1446 inferior
422 1386 476 1445 sub
500 1387 610 1444 lineam
631 1386 813 1463 perducitur.
847 1386 972 1448 Lineola
990 1407 1105 1448 summa
1128 1409 1203 1466 pau-

182 1476 248 1534 ¹lum
270 1478 304 1534 in
327 1476 479 1535 sinistram
502 1479 619 1551 partem
641 1475 759 1534 litterae
783 1476 906 1535 excedit.

253 1565 271 1619 i
294 1583 328 1624 eo
351 1567 471 1623 tantum
495 1563 532 1622 ab
557 1571 563 1622 Ι
589 1563 697 1638 differt,
721 1565 803 1640 quod
825 1566 921 1624 maius
945 1568 990 1626 ast
1013 1567 1150 1643 quodque
1174 1570 1204 1626 at

185 1654 265 1713 infra
289 1656 318 1712 et
342 1672 431 1729 supra
455 1656 602 1713 curvatim

254 1751 278 1802 Μ
310 1744 408 1819 prima
430 1760 499 1817 pers
522 1744 605 1801 recta
628 1744 681 1816 est,
704 1760 763 1801 non
786 1744 918 1802 curvata.

255 1840 275 1891 Ν
309 1831 414 1890 ductus
445 1832 520 1890 recti
553 1830 676 1888 eandem
712 1831 949 1908 magnitudinem
985 1830 1109 1906 habent,
1146 1831 1205 1891 nisi

186 1921 266 1996 quod
289 1922 372 1997 prior
394 1919 449 1979 sub
471 1920 552 1978 linea
574 1918 688 1994 incipit.

254 2016 274 2067 Ρ
302 2010 332 2068 et
361 2022 379 2089 q
409 2008 463 2066 sub
490 2007 601 2066 lineam
628 2007 844 2083 perducuntur3
872 2025 988 2068 summa
1019 2027 1089 2085 pars
1120 2010 1202 2069 iilius

186 2097 306 2156 litterae
329 2096 541 2173 angustissima
565 2099 619 2171 est,
642 2095 729 2155 huius
752 2097 907 2156 simillima
926 2103 954 2157 C.

255 2193 274 2244 R
297 2203 366 2261 pars
393 2188 518 2244 curvata
546 2186 758 2262 angustissima
790 2188 847 2259 est,
879 2187 987 2246 ultima
1013 2206 1121 2263 parva3
1148 2188 1204 2246 hac

187 2273 269 2334 linea
292 2292 359 2333 cum
377 2274 488 2348 littera,
513 2292 590 2349 quae
614 2276 760 2350 sequitur,
784 2277 942 2334 coniuncte
964 2275 1089 2335 videtur.

105 2369 106 2373 ’
253 2368 272 2422 s
297 2362 437 2439 partibus
469 2363 688 2441 angustissimis
720 2363 876 2422 minimum
909 2367 1040 2440 spatium
1070 2367 1203 2440 occupat.

254 2458 279 2510 Τ
302 2453 413 2512 lineola
440 2451 552 2511 librata
578 2451 735 2526 paululum
763 2451 801 2511 ab
828 2455 955 2529 utraque
982 2457 1067 2529 parte
1092 2457 1204 2514 rectam

187 2541 317 2615 excedit3
353 2541 581 2600 fundamentum
616 2541 735 2599 litterae
771 2542 879 2600 leniter
919 2544 1103 2619 angusteque
1140 2561 1204 2602 our-

186 2633 291 2690 vatum
314 2633 367 2690 est.
729 2635 743 2652 ⁸

255 2728 273 2778 u
298 2720 381 2796 prior
403 2737 473 2795 pars
497 2720 632 2791 curvata,
654 2718 802 2794 posterior
824 2720 906 2778 recta
929 2722 982 2778 est.

256 2806 443 2884 Compendiis
466 2826 526 2866 non
550 2807 654 2867 multis
676 2826 772 2882 neque
795 2807 948 2867 inusitatis
970 2807 1110 2867 librarius
1134 2825 1204 2866 usus

187 2899 240 2955 est.
285 2897 328 2956 Ut
351 2899 489 2957 omittam
513 2896 654 2955 lineolam
674 2895 827 2956 vocalibus
851 2896 882 2954 in
904 2895 962 2955 fine
985 2897 1081 2956 lineae
1105 2915 1204 2973 super·

186 2987 329 3060 positam:
353 2991 402 3046 d*
425 2978 506 3067 (am
528 2985 573 3044 eet
595 2976 675 3065 an),
698 2985 771 3044 item
795 2991 842 3044 e*
857 2991 892 3043 Γ
906 2990 961 3044 0“
976 2992 1022 3044 u*
1046 2989 1077 3044 et
1100 2990 1127 3044 0
1150 2987 1205 3043 mi·

187 3092 243 3134 nus
265 3074 376 3134 litteris
399 3074 570 3150 appositum
594 3092 616 3133 o.
629 3093 656 3148 9.
681 3076 708 3132 Ι0
730 3074 785 3132 hes
809 3074 1047 3151 contignationes
1064 3073 1204 3133 librarius

188 3164 300 3238 posuit:

279 3243 380 3333 &(ae)
405 3269 464 3310 non
488 3251 584 3310 solum
611 3251 644 3308 in
666 3251 877 3310 terminatione
900 3249 948 3309 vel
972 3251 1003 3309 in
1026 3268 1085 3309 uno
1105 3250 1205 3324 verbo,

191 3339 243 3398 sed
267 3341 357 3398 etiam
385 3341 417 3398 in
450 3339 578 3400 duobus:
606 3332 741 3420 oettdi'i
767 3339 868 3397 Ambr.
893 3339 968 3413 409,
983 3349 998 3397 9
1014 3339 1068 3398 sin.
1091 3338 1123 3397 in
1147 3337 1204 3397 fine

190 3427 302 3502 lineae3
325 3430 418 3487 etiam
440 3431 474 3487 in
495 3429 595 3489 media
617 3429 705 3488 linea

258 3508 373 3597 N(-nt)
397 3520 428 3575 et
450 3518 482 3575 in
504 3517 603 3576 media
625 3517 706 3576 linea
728 3516 812 3576 etin
835 3515 900 3576 fine.
