2664 3886
67 399 83 459 s
102 399 144 447 rs.

69 755 84 815 ξ
103 755 145 804 49.

70 933 86 992 ξ
106 933 147 981 51.

73 2532 89 2592 e
109 2531 151 2579 os.

164 221 209 288 50
483 296 486 302 Ι
560 222 632 278 nno
650 221 787 278 snnooo

230 391 341 450 Homo
373 391 635 452 audacissimus
667 391 869 468 pertimuit,
901 391 1179 467 loquacissimus

166 481 364 542 ommutuit.

226 569 1179 646 Vehementerexpressitvimconscientiee‚oumetloqucoissimo

166 659 257 719 verbe
266 658 415 717 defuerint
424 661 455 717 ei
463 658 925 735 mpudentianihileudsoissimo
934 659 1123 734 patrocinatu
1132 659 1179 718 sit.
1251 714 1254 719 .

232 748 272 806 in
294 747 441 824 duplum
462 747 541 806 iret.
1206 766 1222 807 s

232 836 326 912 Dupli
348 838 537 913 sponsionem
559 837 679 895 feceret.

235 925 301 995 Qui
323 929 408 985 tunc
425 928 460 984 te
478 925 592 984 nudus
612 925 874 1001 delectaverat,
896 943 1034 1001 semper
1050 925 1181 984 nudum

166 1025 241 1075 esse
264 1015 427 1075 volu-isti.

231 1104 403 1179 Asperrime
425 1103 536 1162 hocin
558 1119 654 1162 mores
677 1101 810 1177 Decimi,
835 1105 870 1160 ut
890 1104 1052 1162 enritiem
1073 1101 1181 1179 probro

165 1193 212 1252 illi
235 1193 321 1251 deret
341 1195 373 1250 et
394 1191 617 1267 mpudidm,
645 1192 755 1268 quippe
778 1191 852 1250 dicit
874 1191 999 1251 eundem
1021 1191 1224 1268 Lysaniam-rc

167 1281 284 1340 efebum
306 1281 454 1356 placuisse
471 1280 603 1339 Deciano
626 1282 748 1357 propter
765 1282 895 1358 gretiam
916 1282 1047 1357 corporis
1070 1280 1183 1339 nudum

167 1370 349 1445 eundemque
372 1371 477 1445 posteo
504 1369 639 1430 omnibus
666 1371 794 1429 fortunis
823 1369 997 1446 spoliatnm3
1024 1372 1182 1446 utnimque

168 1461 261 1538 igitur
285 1461 417 1537 aspergit
437 1458 571 1518 infamia.

233 1549 320 1607 llum
348 1563 408 1624 spe
435 1547 672 1624 recuperandi
698 1546 801 1606 fundi
828 1549 972 1624 paterni
994 1546 1116 1606 venire
1139 1546 1183 1606 ed

167 1637 416 1697 testimonium
436 1636 626 1698 dicendum
649 1635 815 1714 coegisti.
1197 1654 1224 1696 ro

234 1725 440 1786 Artificisliter
472 1729 502 1784 et
534 1725 712 1803 dignitatem
743 1725 876 1801 personis
907 1724 1029 1785 testium
1061 1725 1184 1803 deroget

168 1819 198 1875 et
229 1816 338 1874 fulsum
369 1814 486 1874 dicendi
511 1831 616 1874 censes
643 1815 820 1890 interponit,
851 1817 886 1873 nt
916 1815 992 1873 nihil
1023 1815 1055 1872 in
1086 1816 1184 1873 totum

168 1905 326 1982 religiosae
349 1903 419 1963 fidei
439 1903 633 1980 relinquntur.

235 1992 409 2062 Quidnam
432 1993 481 2050 sit
503 1991 680 2066 dicturus,
703 1994 883 2068 exspecto.

319 2080 514 2140 Praevenitur
536 2081 574 2139 ab
597 2082 719 2140 oratore¹
736 2080 893 2140 imminens
915 2081 1128 2155 testimoninm,
1150 2083 1185 2140 nt
1198 2099 1226 2139 so

169 2169 321 2230 estnihil
352 2169 454 2229 oonuri
476 2169 515 2228 sd
535 2169 738 2228 mentiendum
765 2169 896 2228 audecnt
919 2171 984 2244 eut,
1010 2169 1185 2246 priusquam

169 2259 306 2333 dixerint,
324 2259 507 2318 refellantur.
540 2257 700 2334 Suspendit
717 2260 818 2316 iumen
836 2259 942 2334 etipse
956 2259 1185 2334 responsionem,

169 2368 207 2408 ne
230 2347 391 2406 absurdum
413 2348 525 2407 faceret
546 2347 694 2422 copiosius
718 2347 900 2422 exsequendo
924 2363 989 2406 eom
1009 2367 1086 2422 nem,
1109 2367 1185 2424 quse

170 2452 230 2496 non
253 2438 318 2496 eret
340 2436 378 2495 eb
401 2439 476 2496 teste
498 2436 624 2513 prolatu.

238 2525 444 2585 Trallianos
476 2543 618 2584 csussm
654 2525 835 2600 publicem
866 2524 1089 2599 Maeandrio,
1125 2525 1226 2592 horno

136 2669 139 2674 .
171 2615 258 2674 mini
282 2614 440 2689 sordido,
464 2614 691 2673 commisisse.

239 2699 427 2779 Ὑπέκβαειε
456 2702 492 2761 fit
519 2703 557 2762 ed
584 2703 775 2762 reiciendum
802 2702 954 2778 publicum
986 2703 1186 2762 testimonium

172 2793 399 2853 Trallianorum.
444 2791 486 2852 Et
507 2792 580 2851 bene
602 2790 759 2868 praemisit
782 2794 882 2850 orator
904 2792 1011 2851 hebere
1035 2792 1186 2868 quandem

171 2900 202 2942 se
226 2884 257 2940 et
278 2882 402 2950 irenem
424 2899 511 2941 suum
529 2898 596 2940 cum
614 2880 717 2940 eodem
736 2881 848 2956 populo
866 2881 1120 2956 necessitudinem,
1142 2882 1186 2955 ut,

172 2970 317 3047 quidquid
348 2970 489 3030 adversus
520 2988 571 3028 eos
604 2969 724 3044 dixerit,
760 2972 937 3030 necessitate
967 2969 1036 3029 fidei
1067 2973 1186 3030 conotus
1201 2987 1228 3028 eo

172 3061 280 3120 dixisse
310 3059 455 3119 rideatur.
504 3057 682 3118 sicutissime
713 3061 867 3134 praetereo
898 3059 992 3119 omnis
1025 3058 1186 3119 auctoritas

171 3148 300 3226 publice,
324 3167 400 3224 quae
423 3148 524 3208 edesse
546 3149 666 3225 poteret
684 3147 810 3223 civitati,
832 3145 988 3208 deducitur
1005 3149 1037 3206 in
1053 3149 1187 3224 plenum,

242 3322 255 3368 1
280 3316 458 3384 pertimuerit
477 3318 500 3372 0
570 3322 585 3370 7
607 3333 663 3385 qus
680 3319 722 3372 cel
740 3317 873 3385 quonium
891 3318 967 3373 codd.
979 3318 1033 3374 Cic.
1078 3321 1147 3371 inno
1166 3319 1191 3373 G

174 3387 553 3444 tanom.rcll.codd.'0ic.
613 3387 720 3443 renio
778 3389 1187 3457 20lac4-l-2cm.=15litt.

175 3461 315 3540 optinum
328 3459 416 3542 suppl.
426 3461 468 3544 Zp
481 3461 714 3542 opoOspipeucrc'l
782 3465 816 3514 25
830 3459 964 3542 deendro
981 3460 1004 3514 0
1046 3463 1142 3543 laucius
1155 3463 1188 3514 io

174 3527 679 3672 ittdmiuipiitifidididdriquqims
693 3529 856 3584 Maeandrio
876 3547 989 3585 oensem
1007 3545 1188 3599 commisisse,
