2670 3876
518 233 597 288 ='LIB.
616 234 630 288 1
652 240 667 302 s
686 223 799 290 as-oa.
1152 237 1173 301 3

229 402 275 461 Ut
297 423 339 462 ne
362 403 491 466 Persae
514 403 664 478 quidem.
1028 456 1031 462 .

229 487 355 552 Δεινῶ(
401 488 479 566 μετὰ
524 488 789 568 παραδείγματος.
821 511 824 520 α
858 493 1002 570 Exemplo
1047 493 1173 554 invidio-

163 582 278 641 sissimo
300 600 385 640 reum
407 580 558 657 deprimit,
581 582 660 659 quod
682 583 800 660 lagatus
823 604 851 659 p.
870 583 904 640 R.
924 582 955 640 id
978 583 1060 659 apud
1079 584 1172 644 soeios

163 669 324 746 admiserit,
341 670 422 746 quod
440 670 531 729 etiam
545 671 701 730 Persarum
719 671 827 731 hostile
845 672 999 750 ingenium
1015 674 1172 732 reeusarit.

136 778 148 818 s
230 758 358 819 Tenem
379 760 504 835 ipsum.
1192 768 1267 828 με).

226 843 472 920 (υλλογιετικῶε
508 845 560 908 καὶ
596 842 674 922 μετὰ
711 843 862 924 ἐπιμονὴ(
899 849 1047 909 obstinate
1078 852 1172 910 inmo-

162 937 255 996 rando
279 938 348 997 huie
369 940 459 1014 parti,
483 957 541 1012 quo
564 939 660 1016 magis
678 936 815 996 videatur
832 939 1002 999 universam
1020 938 1173 998 Tenedum

162 1025 319 1103 diripuisse
348 1026 507 1087 auferendo
535 1027 727 1086 simulacrum
756 1026 930 1102 conditoris,
957 1029 1005 1102 ut,
1032 1029 1173 1104 quoniam

161 1115 225 1191 ipse
260 1115 341 1176 urbis
379 1120 483 1175 auetor
518 1116 636 1190 fuisset,
675 1118 708 1176 in
744 1134 777 1174 eo
815 1116 1034 1176 existimaretur
1065 1117 1172 1177 Verres

122 1223 148 1262 io
161 1205 253 1264 totius
277 1203 380 1280 oppidi
402 1207 515 1264 statum
538 1205 736 1281 depopulatus
760 1223 830 1266 esse.

226 1292 304 1351 Non
319 1291 361 1352 ad
379 1296 595 1370 praetorem,
614 1294 673 1353 sed
687 1295 831 1354 Romam
848 1294 983 1354 deferri
998 1299 1171 1372 oportere.
1191 1303 1206 1363 ξ
1226 1301 1267 1351 50.

227 1380 409 1460 Vigilanter,
432 1402 469 1441 ne
491 1382 643 1442 videretur
663 1381 773 1442 iudieio
795 1382 922 1444 Neronis
946 1383 977 1442 O.
991 1384 1099 1444 Verres
1122 1386 1172 1444 ab·

162 1471 286 1547 solutus,
310 1490 376 1532 eum
399 1471 504 1530 fanum
526 1471 647 1531 Iunonis
671 1471 789 1530 Samiae
812 1471 996 1549 diripuisset,
1019 1475 1064 1532 ait
1085 1474 1172 1532 illum

160 1578 220 1618 non
252 1561 288 1619 da
324 1561 495 1621 innocentia
517 1560 618 1619 Verris
649 1561 872 1636 pronuntiasse,
904 1555 998 1639 <sed>
1030 1561 1187 1622 iudicium

121 1666 146 1706 ια
161 1667 247 1708 omna
270 1649 308 1708 ab
331 1667 362 1709 se
386 1650 424 1710 ad
446 1651 583 1710 senatum
604 1648 772 1709 removisse.

228 1736 362 1796 Contra
385 1740 559 1798 seotorem
583 1740 879 1813 quaestoremque
901 1758 1074 1816 pugnare,
1191 1747 1266 1808 §5⁶2¹

227 1827 367 1901 quoniam
395 1827 472 1886 bona
494 1827 727 1903 proscriptorum
750 1829 878 1887 sectores
905 1827 1112 1888 mercabantur
1142 1832 1172 1888 et

160 1933 261 1973 eorum
284 1916 382 1994 pretia
405 1919 575 1991 quaestores
598 1916 631 1975 in
654 1916 801 1976 aerarium
823 1916 1015 1976 referebant¹

119 2017 123 2025 ‘
226 2003 347 2079 quue
370 2022 405 2063 se
429 2004 640 2064 absolutum.

118 2107 145 2148 ao
226 2087 529 2167 Παραδειγματικῶ(
542 2093 779 2171 praeiudicatum
793 2094 865 2154 dicit
879 2113 941 2155 esse
951 2095 987 2154 de
999 2095 1170 2156 criminibus

158 2181 253 2259 legati
274 2181 409 2242 absoluto
430 2181 613 2257 CharidemO,
637 2203 725 2259 quem
749 2177 843 2262 [eum]
863 2183 957 2243 Samii
979 2185 1060 2260 apud
1084 2184 1170 2245 chios

159 2289 243 2328 reum
261 2271 406 2346 fenerant3
426 2273 478 2348 qui
492 2291 526 2332 eo
540 2272 732 2348 potissimum
753 2271 889 2332 defensus
909 2274 957 2348 sit,
976 2274 1055 2350 quod
1074 2277 1171 2334 osten·

159 2357 251 2418 disset
283 2378 400 2419 omnem
431 2361 515 2420 illam
547 2361 744 2436 direptionem
777 2357 815 2420 ad
845 2363 950 2438 populi
976 2363 1011 2421 R.
1038 2363 1171 2442 legatum

158 2447 314 2524 pertinere.

158 2559 371 2570 -——--—.

226 2611 422 2681 2A1v0c09qr
436 2609 599 2676 tetvchrs,
613 2626 708 2666 cerro
754 2589 979 2679 uaputtrp‘tocO
1032 2613 1129 2680 3'pi0

159 2685 175 2733 5
195 2679 289 2734 Tenen
309 2682 376 2752 Gpo,
395 2697 462 2736 sorr.
477 2698 511 2752 pr
582 2686 598 2734 6
618 2685 817 2748 cattos-irrisor
837 2682 860 2737 0
898 2685 1026 2748 ἐπιμονε(
1046 2682 1171 2738 Goerbo's

157 2753 262 2821 αναααὲα
279 2753 311 2804 ia
326 2758 412 2822 αμα
432 2752 463 2822 0,
479 2755 609 2822 opposuit
680 2753 794 2822 *lpasei
808 2754 842 2819 O,
860 2769 927 2808 corr.
942 2755 967 2807 I.
982 2754 1018 2808 F.
1035 2753 1120 2809 (ἔνθα.
1161 2773 1164 2780 ·

157 2822 362 2879 uniuersumO
446 2824 580 2878 tenedum
607 2841 640 2878 ea
663 2824 815 2879 tenendum
838 2824 954 2880 cerro
1009 2825 1170 2880 universum

157 2945 316 3000 quaesere
373 2909 519 2998 Ilpasddt'
580 2935 614 2983 14
626 2929 840 2995 innoeentian
877 2929 1169 2998 innocentissimum.

158 3001 196 3055 ad
207 3004 253 3070 19)
291 3001 437 3070 sedsuppi.
447 3001 484 3056 Or
539 3006 572 3055 16
587 3003 764 3070 quaestorem
773 3001 964 3070 sectoremque
977 3001 1115 3058 coracio

159 3085 191 3133 1⁷
223 3080 443 3150 proscriptorum
475 3097 508 3138 αα
538 3083 764 3151 prosereptorum
790 3096 857 3137 corr.
883 3080 917 3147 0,
948 3087 1016 3137 reete
1042 3081 1078 3136 6⁰
1102 3083 1168 3150 (oid.

157 3159 195 3213 od
219 3164 266 3230 19)
339 3167 373 3216 18
396 3162 507 3231 praetia
527 3162 560 3229 0,
585 3162 624 3217 0⁶
707 3165 739 3215 19
763 3177 851 3230 eoque
874 3159 1034 3216 absolutum
1054 3163 1087 3229 0,
1106 3168 1170 3232 post

115 3246 118 3253 '
156 3241 253 3310 repetit
277 3243 359 3298 verba
382 3247 463 3309 3,13
492 3260 555 3297 eum
578 3242 675 3297 fanum
697 3259 782 3310 usque
804 3241 841 3295 od
864 3245 944 3308 3,19
969 3242 1017 3309 θα,
1033 3243 1080 3298 sed
1101 3250 1169 3298 recto

157 3313 255 3367 lemma
273 3319 346 3380 3,19
363 3314 457 3370 sortis
527 3319 561 3368 20
579 3317 788 3382 παραδιγματοε
803 3313 837 3379 0,
855 3329 923 3369 corr.
943 3313 1010 3368 LF.
1021 3313 1104 3370 Groa.

158 3407 189 3454 21
215 3389 298 3471 quadi
313 3404 390 3471 (aiei)
410 3419 474 3457 eum
488 3403 576 3456 Samii
591 3402 624 3469 0,
638 3405 670 3457 s'a
683 3419 734 3474 rap.
745 3407 776 3470 q,
795 3417 891 3458 corus
940 3419 1009 3470 quos
1026 3419 1119 3457 rerum
1135 3404 1168 3469 0,

157 3489 225 3528 corr.
244 3474 270 3528 J.
282 3474 318 3528 F.
331 3473 415 3529 (ἔνθα.
506 3479 540 3528 23
564 3473 642 3528 illu·
658 3474 682 3528 0
731 3473 897 3542 populoru*
920 3472 1015 3543 legata
1039 3475 1072 3543 0,
1099 3491 1166 3530 corr.

157 3545 182 3598 Ι.
197 3545 232 3600 F.
251 3544 335 3600 Grau.
972 3615 1007 3670 1‘
