2670 3876
192 201 234 265 36
581 202 652 259 PRO
676 203 812 259 FLACCO

334 371 449 432 *tinent
472 374 564 433 trisse
586 376 723 432 testatur.
770 373 829 432 Sed
847 393 883 431 ne
907 375 1054 451 originem
1074 373 1208 432 civitatis

70 471 74 476 '
193 460 324 519 eiusdem
351 461 429 521 nude
454 464 682 522 trascucurrisse
705 462 872 521 videamur:
895 463 1113 537 antiquissimis
1135 463 1209 520 haec

192 550 374 625 temporibus
399 551 535 610 Tantalis
558 553 690 610 vocitata
718 554 771 610 est.
817 550 913 620 Quam
939 554 1020 610 terra
1046 552 1114 626 ipsa
1141 569 1209 610 con·

89 679 92 682 -
193 640 322 714 sumpsit
347 640 433 699 hiatu
461 642 576 700 seilicet
597 643 794 716 interceptam
811 640 913 716 ibique
940 642 1045 716 postea
1066 639 1210 716 oppidum

193 730 403 802 constitutum,
430 732 479 788 cui
502 729 607 807 Sipylo
629 748 737 789 nomen
763 729 900 788 inditum.
946 729 1109 803 Pleraeque
1131 729 1210 787 aliae
1239 749 1252 788 5

193 819 284 876 maris
307 819 502 878 inundatione
529 820 680 877 demersae
707 822 789 878 sunt:
817 838 943 893 quarum
971 820 1029 876 fuit
1051 817 1211 891 Leucadia,

193 906 384 982 Antirrhion,
415 908 640 984 Hellespontus,
670 909 819 982 Bosphori
846 908 920 982 duo;
946 910 981 964 ut
1003 907 1150 982 Pyrrham
1182 910 1212 964 et

193 995 333 1056 Antisam
361 999 440 1056 circa
466 997 599 1056 Maeotin
621 997 762 1072 paludem
788 997 901 1056 Pontus
929 995 1067 1069 abstulit,
1095 997 1129 1054 ut
1151 994 1211 1054 He-

194 1086 282 1143 licem
305 1089 335 1144 et
357 1087 469 1145 Buram
492 1088 574 1144 sinus
599 1082 770 1144 Corinthius
794 1085 956 1144 devoravit.
1003 1084 1083 1144 Satis
1111 1087 1212 1144 autem

196 1176 324 1233 oratorie
352 1192 583 1234 commemorans
611 1175 699 1232 istius
728 1176 860 1233 civitatis
883 1174 1106 1233 devotissimam
1132 1175 1212 1232 circa
1227 1193 1253 1234 1⁰

195 1263 343 1322 Romanos
375 1262 464 1322 fidem
494 1264 605 1321 minuit
635 1281 705 1338 opes
737 1265 801 1322 eius
833 1266 863 1321 et
894 1263 1001 1340 exigua
1032 1264 1150 1322 moenia
1182 1266 1213 1321 et

195 1371 322 1427 parvum
353 1372 509 1411 numerum
540 1354 651 1412 civium
683 1353 768 1426 dixit,
800 1351 906 1428 quibus
938 1354 1039 1410 tamen
1066 1353 1211 1411 maximos

196 1443 274 1520 regis
306 1442 491 1501 Mithridatis
523 1442 652 1517 impetus
685 1441 920 1516 propulsaverit,
955 1439 1013 1498 fide
1049 1444 1081 1498 et
1112 1458 1211 1499 amore

197 1532 311 1590 scilicet
333 1551 424 1608 quam
445 1532 556 1590 virium
578 1531 722 1589 facultate
740 1529 897 1590 robustior.
934 1530 975 1588 llt
997 1533 1042 1589 est
1065 1529 1212 1605 quaedam

197 1621 352 1680 laudativa
374 1622 523 1680 sententia
547 1665 597 1677 ...
1228 1638 1254 1678 15

177 1743 183 1754 ·
265 1710 331 1769 Sed
364 1711 395 1769 si
430 1727 542 1785 neque
578 1708 687 1767 Asiae
723 1709 884 1766 luxuries
920 1708 1213 1766 infirmissimum

198 1803 336 1875 tempus
361 1801 502 1858 aetatis.

264 1888 361 1947 Mores
397 1889 597 1946 inlustrantur
633 1887 709 1959 eius,
753 1904 840 1960 quem
876 1903 936 1944 non
972 1886 1103 1960 potuerit
1138 1884 1214 1944 Asia

199 1978 377 2035 multiformi
390 1977 545 2051 voluptate
564 1993 759 2049 corrumpere.
793 1973 906 2033 Similis
926 1977 956 2032 et
973 1976 1006 2031 in
1023 1973 1056 2032 L.
1071 1972 1213 2032 Murenae

200 2065 370 2123 defensione
388 2065 536 2123 sententia
550 2067 603 2122 est.
626 2062 746 2137 Vemm,
760 2063 839 2139 quod
853 2064 902 2122 hic
916 2064 1011 2140 magis
1026 2063 1213 2122 animadver·
1228 2083 1256 2122 ao

199 2154 322 2212 tendum
339 2155 421 2228 puto,
444 2152 661 2212 consideremus
681 2154 812 2211 omnium
830 2153 936 2211 horum
954 2153 1086 2227 capitum
1104 2153 1213 2210 transi-

93 2279 120 2322 ‘.
199 2246 248 2301 tus
273 2243 400 2301 oratorie
424 2243 527 2300 factos.
567 2241 616 2300 Ita
639 2243 718 2299 enirn
741 2241 799 2299 sibi
821 2243 1023 2314 conectuntur,
1046 2244 1080 2299 ut
1103 2241 1213 2319 gradus

200 2332 345 2391 honorum
381 2349 448 2388 cum
484 2330 615 2406 quadam
649 2329 858 2388 testificatione
894 2331 1030 2407 cognitae
1062 2331 1152 2388 simul
1184 2333 1214 2388 et

203 2443 416 2451 ————-.

268 2507 284 2554 2
311 2499 383 2554 Plin.
402 2499 437 2552 N.
456 2499 490 2552 H.
509 2500 535 2553 Π
553 2502 619 2553 sect,
639 2505 673 2553 90
682 2517 736 2569 sqq.
817 2499 945 2568 perrupit
972 2515 1049 2552 mare
1074 2498 1214 2565 Leucada,

201 2572 389 2638 Antirrhium,
412 2571 634 2641 Hellespontum,
652 2571 791 2651 Bosporos
810 2570 880 2624 duos
904 2612 953 2624 ...
978 2568 1041 2638 ipsa
1060 2586 1089 2624 se
1108 2573 1214 2623 comest

201 2647 284 2698 terra.
321 2642 471 2696 Devoravit
491 2685 495 2694 .
513 2686 517 2696 .
534 2685 540 2696 .
560 2641 688 2712 Sipylum
706 2659 736 2694 m
754 2640 901 2712 Magnesia
919 2643 949 2694 et
970 2641 1047 2708 prius
1066 2641 1096 2693 in
1115 2641 1214 2695 eodem

202 2714 263 2768 loco
283 2714 467 2768 clarissimam
484 2713 590 2779 urbem,
610 2729 682 2781 quae
701 2712 828 2766 Tantalis
846 2713 999 2765 vocabatur
1019 2755 1069 2765 ...
1098 2711 1215 2780 Pyrrum

202 2788 232 2839 et
249 2786 393 2842 Antissam
411 2785 487 2838 circa
505 2785 640 2839 Maeotim
658 2784 763 2838 Pontus
783 2783 909 2850 abstulit,
928 2783 1045 2838 Helicen
1064 2785 1093 2838 et
1110 2783 1214 2837 Buram

203 2858 280 2911 sinus
299 2856 467 2922 Corinthius,
487 2873 606 2923 quarum
624 2856 653 2908 in
673 2855 731 2909 alto
750 2855 871 2924 vestigia
890 2856 1035 2924 apparent.

270 2933 304 2981 20
332 2926 386 2982 (lic.
406 2945 456 2996 pro
476 2927 546 2981 Mur.
565 2927 591 2981 V
612 2933 644 2980 11
673 2925 791 2980 Obiecta
814 2928 857 2979 est
880 2926 954 2979 enirn
971 2925 1053 2990 Asia;
1077 2941 1150 2994 quae
1177 2926 1213 2980 ab

203 2999 256 3054 hoc
274 3017 330 3054 nou
345 3000 381 3053 ad
394 2998 569 3068 voluptatem
583 3001 612 3052 et
624 2998 764 3051 luxuriam
778 2998 903 3066 expetita
917 3000 967 3064 est,
989 2997 1038 3050 scd
1053 2997 1083 3050 in
1096 2997 1214 3052 militari

203 3071 299 3126 labore
317 3073 477 3140 peragrata.

272 3229 403 3283 aTautis
425 3231 497 3298 Coro,
515 3245 583 3285 corr.
600 3230 665 3283 Mai
737 3228 1026 3282 sinundationemO
1096 3243 1215 3295 quarum

206 3300 404 3425 gammone>
417 3302 459 3370 Zy
531 3299 779 3354 ‘lAnthirriouiO
810 3300 927 3368 Pyrram
942 3299 1006 3354 tino
1078 3299 1215 3354 8Meotin

351 3376 367 3424 9
390 3371 485 3424 Biram
510 3371 573 3426 Ome
662 3376 695 3424 10
718 3370 857 3425 oratoriae
882 3371 905 3426 O
991 3376 1022 3424 12
1046 3369 1149 3437 quibus
1171 3387 1214 3425 mo

206 3441 285 3494 cuius
314 3441 337 3494 0
424 3448 457 3495 14
489 3441 652 3495 facultatem
682 3442 706 3496 0
793 3448 825 3495 lb
862 3443 912 3496 lac.
930 3445 950 3495 2
971 3457 1021 3496 cra
1040 3443 1073 3508 ψ
1098 3459 1144 3497 aa.
1165 3444 1213 3497 lia.

206 3511 347 3568 gallia.
383 3514 480 3580 γνώμη
496 3514 696 3579 ἐγκωμιαετική
711 3514 852 3583 suapley
924 3517 956 3565 1c
975 3512 1152 3567 luxuriaesO

206 3587 241 3636 18
268 3584 419 3651 potuerunt
443 3584 466 3637 0
545 3589 577 3637 19
605 3583 719 3638 Murena
749 3584 773 3638 0
859 3590 893 3637 22
920 3581 1059 3637 oratoriae
1083 3583 1107 3638 0
