2670 3876
545 197 655 267 crugm.
676 203 788 251 22—27.
1130 195 1171 258 27

154 367 256 442 quitus
275 365 306 422 P.
324 363 464 424 Claudius
483 365 566 442 Appi
585 365 673 425 Caeci
690 365 769 426 filius
793 367 907 441 primus
931 383 966 423 ex
988 367 1047 424 isto
1067 384 1172 442 genere

153 454 281 512 Pulcher
308 455 477 530 appellatus
506 458 558 514 est.
613 455 671 513 Hic
695 456 797 514 consul
826 457 900 530 aput
926 454 1098 529 Drepanum
1122 453 1171 513 ad-

152 560 255 602 versus
280 544 415 618 auspicia
436 542 545 602 Poenis
569 545 662 602 classe
686 544 827 604 conflixit.
872 543 917 602 Ea
940 560 1041 620 pugna
1063 542 1172 600 Roma·

153 650 260 690 norum
282 649 373 691 naves
400 633 554 706 perierunt
573 631 658 690 CXX.
697 630 742 691 Ob
765 631 798 690 id
820 633 933 690 factum
957 631 1020 690 dias
1044 632 1073 689 ei
1092 626 1172 689 dicta

125 723 200 780 sest
240 720 453 795 perduellionis
491 739 508 778 a
544 720 643 780 Pullio
680 724 710 778 et
748 720 905 779 Fundanio
936 723 972 778 tr.
1005 721 1045 794 pl.
1098 717 1172 778 (lum

153 809 277 868 comitia
299 810 362 868 eius
385 810 431 867 rei
452 807 558 867 fierent
580 812 610 867 et
633 811 783 867 centuriae
807 808 1074 882 introducerentur,
1097 810 1171 866 tem·

152 899 253 972 postas
276 896 398 957 turbida
421 900 523 956 coorta
553 901 611 973 est3
643 900 752 957 vitium
779 899 956 956 intercessit
1002 897 1110 956 Postea
1133 898 1170 955 t.

152 987 193 1062 pl.
216 986 459 1061 intercesserunt,
487 1005 524 1044 ne
547 986 627 1045 idem
650 987 784 1046 homines
807 988 840 1044 in
863 986 967 1045 eodem
989 987 1170 1063 magistratu

151 1074 363 1150 perduellionis
400 1074 446 1134 bis
489 1075 614 1133 eundem
656 1079 837 1134 accusarent.
905 1074 1012 1149 Itaque
1053 1075 1170 1132 actione

109 1183 138 1222 io
152 1166 278 1238 mutata,
300 1164 407 1223 iisdem
430 1164 647 1238 accusantibus
670 1165 766 1222 multa
788 1166 927 1242 inrogata
950 1164 1078 1240 populus
1103 1181 1170 1221 eum

152 1251 313 1319 damnauit¹
330 1254 407 1311 aeris
431 1253 531 1331 gravis
556 1251 635 1311 (lXX
657 1253 798 1312 millibus.

209 1335 265 1399 ‘At
283 1336 381 1415 sum’,
394 1342 518 1416 inquit
536 1336 758 1400 ‘absolutusl’
777 1342 875 1401 Novo
891 1341 1034 1416 quidem
1047 1341 1168 1399 hercle
1183 1327 1276 1396 ΡΨ·

149 1447 259 1503 more,
283 1432 340 1488 cui
362 1431 425 1488 nni
448 1429 615 1489 absoluto
639 1430 725 1488 lites
750 1431 965 1489 aestimatae
989 1432 1078 1488 sunt.
1187 1396 1277 1451 XXVI

293 1519 452 1578 victoriam
480 1523 597 1594 quoque
624 1518 731 1576 iudicii
754 1521 854 1577 orator
885 1519 1033 1576 convertit
1064 1519 1097 1574 in
1120 1516 1169 1574 de-

110 1625 135 1665 rs
150 1605 238 1666 decus
278 1609 436 1684 inopinata
475 1605 572 1666 inlata
611 1605 784 1665 huiusmodi
823 1608 1021 1682 responsione.
1086 1604 1168 1662 Lites

150 1697 251 1754 autem
273 1696 423 1755 damnatis
445 1696 504 1754 reis
527 1695 775 1769 aestimabantur,
799 1713 866 1753 cum
888 1697 1003 1754 taxatio
1027 1695 1169 1770 pecuniae

149 1783 248 1858 fiebat,
281 1773 357 1859 quae
389 1785 450 1844 illis
483 1785 693 1860 adplicaretur.
740 1782 888 1852 Quoniam
915 1802 985 1860 ergo
1013 1802 1074 1842 non
1101 1800 1168 1858 pro·

149 1872 270 1932 batione
292 1874 481 1932 innocentiae
504 1873 557 1932 sed
583 1875 730 1949 corruptis
753 1872 901 1932 iudicibus
924 1873 1024 1930 iuerat
1047 1869 1168 1930 Clodius

150 1961 312 2036 absolutus,
330 1962 441 2021 idcirco
459 1963 503 2020 ait
521 1961 688 2021 absoluto
707 1963 793 2021 lites
812 1963 1034 2035 aestimatas,
1053 1961 1109 2018 hoo
1124 1962 1169 2018 est

107 2067 135 2108 ao
149 2069 246 2126 poena
265 2051 385 2127 quidem
403 2051 572 2124 liberatum,
598 2051 649 2109 sed
671 2053 798 2127 pecunia
823 2049 1040 2126 quodammodo
1058 2049 1168 2107 multa-

148 2141 223 2212 tum,
247 2155 338 2214 quam
360 2138 507 2199 iudicibus
530 2158 585 2215 pro
609 2138 795 2198 absolutione
819 2141 1011 2198 numerasset.

217 2226 326 2302 Quasi
367 2247 430 2306 ego
472 2247 541 2287 non
582 2230 773 2287 contentus
819 2230 898 2302 sim,
945 2227 1037 2302 quod
1077 2215 1273 2284 mihiFrgm

151 2318 308 2391 quinque
340 2319 375 2376 et
406 2316 461 2374 XX
492 2315 633 2376 iudices
666 2316 911 2390 crediderunt,
1024 2318 1085 2390 qui
1113 2282 1273 2373 somn

151 2407 315 2478 questres
338 2404 399 2464 abs
427 2408 462 2464 te
483 2406 691 2480 locupletes
715 2408 931 2481 acceperint.

107 2509 135 2551 sc
216 2493 362 2552 Notemus
380 2493 538 2552 verborum
556 2493 731 2552 medietates
755 2495 974 2572 elegantissime
993 2492 1030 2550 ab
1050 2494 1167 2550 oratore

150 2582 298 2657 suspendi.
353 2583 432 2640 Nam
468 2600 535 2640 cum
567 2601 639 2657 prae
671 2599 701 2640 se
733 2582 825 2641 ferret
857 2581 978 2641 Clodius
1010 2581 1167 2640 victoriam

148 2669 266 2744 iudicii,
299 2670 378 2746 quod
404 2669 549 2730 liberatus
581 2672 737 2729 sententiis
765 2669 900 2746 pluribus
927 2670 1091 2741 videretur,
1124 2669 1168 2726 ait

150 2758 266 2818 Tullius
290 2759 328 2818 ad
351 2758 583 2819 confirmandam
605 2760 772 2818 testimonii
795 2761 842 2816 sui
863 2759 1039 2836 religionem
1059 2755 1114 2814 XX
1137 2758 1168 2814 et

150 2849 281 2922 quinque
309 2846 367 2907 sibi
393 2848 506 2907 iudices
534 2848 701 2921 credidisse,
732 2847 802 2906 illos
824 2847 973 2920 videlicet,
1005 2847 1057 2921 qui
1083 2864 1167 2903 reum

106 2952 135 2993 ao
149 2935 377 3013 damnaverant3
410 2938 463 2996 sed
494 2939 585 2996 etiam
616 2938 698 3010 illos,
736 2937 788 3011 qui
820 2955 874 3011 pro
906 2954 956 2994 reo
990 2936 1167 2993 sententiam

149 3023 291 3099 dixerint,
323 3027 382 3102 ipsi
405 3024 509 3084 Clodio
541 3026 618 3084 nihil
646 3025 817 3098 credidisse,
850 3024 969 3100 quando
997 3022 1034 3081 ab
1062 3025 1167 3081 senatu

217 3218 232 3264 2
271 3195 318 3268 illc
394 3212 556 3282 Drepanum
584 3213 648 3268 Omo
743 3217 758 3265 3
792 3209 907 3265 confixit
935 3211 958 3266 0
1050 3214 1084 3261 14
1116 3210 1165 3264 loc.

150 3283 191 3355 1¹]
212 3285 246 3350 -l-
261 3288 279 3338 4
296 3301 344 3339 orn.
356 3309 390 3330 -—-
410 3288 446 3338 12
464 3284 515 3339 titt.
535 3285 683 3352 διαευρμόε
700 3283 789 3354 suppl.
805 3284 846 3353 Zp
864 3281 1108 3350 ropacpocbouto‘?

148 3323 293 3410 indiciiO
372 3359 405 3407 15
423 3354 572 3410 militesG
648 3361 679 3408 17
706 3354 897 3424 adplicaretur
916 3355 949 3419 0,
968 3370 1035 3408 corr.
1055 3354 1096 3422 Zp

150 3431 183 3478 20
203 3426 391 3495 pecnniamO
456 3431 489 3479 23
509 3426 559 3480 too.
572 3427 638 3480 Mai
650 3427 749 3481 statuit
785 3424 882 3509 <tibi>
895 3425 1020 3479 Niebuhr
1056 3422 1167 3494 <XXXI

149 3496 204 3550 tibi
217 3495 290 3549 nihil
305 3496 505 3568 crediderunt>
521 3498 639 3550 Mollior:
657 3498 738 3551 etium
757 3514 806 3564 qur
826 3496 862 3550 ab
881 3498 981 3568 senatu
994 3493 1167 3563 praesidium

149 3567 285 3635 petierint
302 3569 389 3622 mosae
407 3568 464 3622 Leo
482 3573 571 3621 mouet
