2670 3876
512 859 795 933 PRAEFATIO.

603 1021 709 1028 ——...

217 1129 316 1189 (lodex
330 1129 578 1204 membranaceus,
597 1131 628 1188 in
647 1150 706 1206 quo
725 1129 810 1190 nobis
825 1134 946 1190 servata
963 1135 1033 1191 aunt
1051 1133 1165 1192 scholia

150 1219 188 1279 ad
207 1217 356 1278 ciceronis
365 1221 524 1280 orationes
542 1220 710 1294 conscripta
728 1220 897 1295 Bobiensia,
916 1221 988 1281 olim
1005 1223 1037 1280 in
1056 1221 1163 1282 biblio-

149 1308 235 1367 theca
262 1308 435 1367 monasterii
461 1307 618 1368 Bobiensia
645 1329 664 1368 a
688 1309 717 1368 S.
741 1307 926 1370 (lolumbano
949 1312 1076 1385 septimo
1100 1330 1163 1371 sae-

150 1398 216 1456 culo
229 1397 384 1456 constituti
396 1389 547 1478 exstitit.¹)
564 1397 634 1473 Ipso
648 1397 752 1456 eodem
765 1400 883 1457 saeculo
897 1402 1023 1474 septimo
1040 1404 1164 1460 exeunte

150 1486 197 1546 vel
220 1489 326 1545 octavo
352 1489 473 1545 ineunte
500 1488 560 1544 tres
587 1486 705 1545 librarii
729 1487 839 1545 libmm
867 1488 913 1545 ita
936 1490 1164 1564 constituenmt,

150 1577 184 1634 ut
206 1577 337 1635 actiones
360 1574 467 1651 synodi
486 1573 732 1634 Chalcedonensis
756 1578 787 1634 et
804 1580 999 1635 monumenta
1017 1577 1056 1636 ad
1071 1577 1164 1636 histo·

149 1663 225 1723 riam
252 1663 334 1723 illiue
361 1663 481 1724 concilii
507 1665 675 1739 spectantia
702 1664 896 1739 membranis,
921 1664 1028 1740 quibus
1052 1667 1164 1742 scripta

150 1755 274 1828 antiqua
301 1753 397 1811 latina
424 1752 664 1828 continebantur,
691 1753 795 1828 lautis,
824 1753 950 1828 abrasis,
978 1753 1082 1830 politis
1109 1755 1163 1812 im·

150 1844 300 1917 ponerent.
331 1843 431 1916 Atque
449 1833 597 1924 constat²)
621 1861 860 1918 unumquemque
880 1843 1036 1901 librarium
1055 1863 1090 1902 ex
1110 1862 1164 1903 suo

150 1932 258 1990 scrinio
281 1950 335 1991 sua
361 1933 565 2006 manuscripta
588 1934 721 1991 veterum
745 1932 921 2008 scriptorum
946 1931 1164 2008 deprompsisse

149 2021 203 2094 ita,
226 2023 261 2078 ut
282 2020 396 2094 primus
414 2019 572 2078 Frontonis
595 2021 730 2096 epistulis
749 2024 779 2079 et
797 2021 917 2080 scholiis
935 2021 973 2080 ad
994 2019 1164 2081 Ciceronem

150 2109 367 2183 pertinentibus
395 2127 505 2167 novum
532 2112 647 2168 textum
669 2110 833 2185 inponeret,
856 2110 1001 2169 secundus
1020 2108 1164 2185 Gothicis,

151 2195 280 2272 Arianis,
302 2196 575 2274 Pe1·sio,Iuvenali,
598 2199 705 2256 tertius
725 2197 911 2274 Symmacho.
957 2199 1041 2258 Duae
1065 2203 1165 2276 partes

150 2286 239 2346 huius
271 2286 380 2345 codicis
409 2288 538 2345 exstant:
569 2305 629 2345 una
658 2306 736 2346 anno
763 2287 951 2346 MDOXVIII
978 2288 1104 2348 Romam
1133 2289 1165 2346 in

150 2373 361 2434 bibliothecam
375 2375 562 2449 Vaticanum,
581 2375 676 2435 altera
689 2376 890 2436 Mediolanum
905 2379 937 2435 in
951 2377 1165 2437 bibliothecam

149 2462 379 2524 Ambrosianem
397 2463 499 2523 ablata
518 2467 572 2537 est,
594 2467 685 2524 tertia
703 2468 756 2524 aut
773 2467 864 2540 periit
887 2467 942 2524 aut
959 2465 1057 2525 adhuc
1079 2465 1163 2526 latet.

150 2551 270 2612 Invenit
287 2552 317 2610 in
331 2553 378 2611 his
396 2553 533 2629 reliquiis
546 2552 617 2612 libri
630 2555 826 2630 manuscripti
840 2556 970 2615 veterem
985 2554 1163 2630 scripturam

150 2639 302 2716 ediditque
325 2641 485 2702 cardinalis
507 2642 641 2720 Angelus
663 2643 769 2702 Maius

217 2730 262 2788 Ex
283 2731 340 2789 hoc
363 2731 462 2790 codice
480 2732 623 2806 rescripto
642 2751 720 2790 nunc
742 2731 839 2791 denuo
863 2731 976 2808 publici
994 2732 1068 2791 iuris
1088 2732 1165 2792 fiunt

150 2819 263 2878 scholia
290 2819 450 2879 Bobiensia
477 2819 515 2878 ad
544 2818 693 2880 Ciceronis
721 2823 869 2880 orationes
897 2823 1073 2896 conscripta.
1119 2821 1164 2881 De

149 2907 197 2966 his
220 2911 332 2984 optime
353 2910 495 2969 meruisse
517 2909 644 2984 Maium,
672 2929 739 2969 cum
766 2928 802 2968 ea
829 2926 888 2967 non
916 2911 1012 2969 solum
1039 2909 1163 2988 indaga-

223 3098 249 3164 1)
267 3095 309 3150 De
323 3095 377 3150 hoc
391 3097 487 3150 codice
500 3113 590 3166 nuper
602 3095 741 3151 uberrime
751 3097 811 3168 egit
825 3098 854 3150 et
867 3097 927 3150 eius
937 3098 1048 3165 partem
1057 3096 1164 3152 Romae
1235 3113 1239 3120 ¹

151 3169 290 3220 amatam
309 3167 400 3221 edidit
413 3169 446 3223 P.
461 3168 555 3234 Ehrle,
569 3167 726 3222 Vaticanae
744 3165 934 3222 bibliothecae
952 3167 1120 3236 praefectus,
1139 3185 1164 3222 v.

153 3236 289 3293 &dacae
307 3239 450 3294 Vaticanis
462 3239 551 3294 selecti
559 3241 732 3308 phototyps'ce
745 3241 871 3308 capreast
895 3241 945 3295 ool.
962 3240 1026 3294 VH.
1057 3240 1164 3296 Medio-
1231 3245 1233 3252 '

151 3309 211 3363 aas
221 3308 431 3366 MDOOOGVI.
443 3342 476 3350 -
487 3311 559 3363 Ante
574 3325 638 3363 eum
651 3313 761 3378 partem
770 3309 1009 3366 Mediolanensem
1022 3311 1165 3366 recensuit

150 3377 344 3447 Reifferscheid
361 3381 391 3435 iu
410 3382 581 3436 Bibliotheca
596 3389 709 3450 patrem
727 3383 894 3437 Latiaoram
913 3384 1022 3438 Italica.
1064 3383 1163 3437 Vindo-

150 3451 236 3506 boaae
259 3456 344 3520 1871,
363 3452 410 3519 II,
423 3456 534 3508 22-25
555 3455 633 3519 (ectr.
653 3470 699 3506 ec:
722 3452 965 3523 Sitaaapsbericbtc
983 3454 1032 3507 der
1054 3453 1165 3507 Wiener

149 3523 240 3578 Arae.
259 3523 385 3578 LXVII
400 3524 516 3595 [1871],
535 3527 679 3592 4863qq.).

223 3596 249 3664 2)
268 3593 362 3662 Ehrle,
380 3596 398 3649 l.
417 3597 435 3650 l.
450 3612 516 3665 pop.
531 3598 575 3650 20.
