2670 3876
173 166 215 231 12
543 165 615 221 PRO
638 166 668 220 P.
688 165 803 220 SYLLA

172 335 352 396 defendisses
374 335 407 394 P.
428 335 556 412 Syllam,
584 354 669 395 nemo
693 329 890 396 defenderet?¹
928 334 984 395 Cui
1007 337 1111 396 statim

171 427 204 484 in
225 427 323 484 forma
345 426 516 486 concessiva
543 426 680 486 occurrit.
725 418 803 500 ‘Ut’‚
830 426 944 501 inquit,
967 420 1056 484 ‘alios
1084 443 1186 484 conce-

172 515 241 574 dam
278 515 479 590 patrocinium
515 513 711 592 denegaturos
748 515 852 589 brisso,
888 516 921 572 in
958 532 1046 590 quem
1077 515 1186 574 iustius

172 602 357 664 derivabitur
384 603 477 662 animi
503 603 613 681 regalis
640 602 802 679 cupiditas:
834 605 866 662 in
894 623 954 677 me,
983 605 1034 679 qui
1061 606 1186 682 protego

171 695 355 766 innocentes,
388 711 426 750 an
458 693 490 750 in
521 693 565 766 te,
598 693 649 767 qui
679 691 911 752 subveniendum
938 711 998 752 non
1025 695 1114 769 putas
1141 694 1186 750 in-
1214 711 1227 752 c

171 775 379 841 nocentibus?²
429 780 498 839 Non
532 783 650 840 tautum
682 800 752 859 ergo
784 800 815 841 se
846 781 999 856 liberavit,
1031 781 1083 842 sed
1114 782 1186 840 Tor-

175 873 300 946 quatum
322 870 418 929 multo
442 868 575 928 acerbius
599 869 752 945 proscidit.

238 959 285 1018 lc
312 959 370 1017 hic
398 960 508 1018 etiarn
532 960 674 1018 facetus
702 977 778 1019 esse
805 959 973 1033 voluisti,
1002 977 1078 1018 cum
1101 959 1187 1018 Tar-

173 1049 335 1124 quinium
372 1049 407 1107 et
437 1047 585 1107 Numam
622 1050 656 1106 et
692 1067 744 1106 me
776 1049 926 1107 tertium
957 1050 1188 1127 peregrinum

171 1155 290 1216 regem
312 1154 389 1196 esse
412 1135 552 1194 dixisti.
1201 1158 1228 1197 10

239 1225 413 1284 Novitatem
441 1221 590 1284 Ciceronis
623 1225 713 1282 multi
740 1224 861 1300 quidem
892 1243 945 1301 per
971 1226 1026 1284 illa
1052 1227 1188 1301 tempora

173 1314 361 1374 contumeliis
389 1315 505 1392 agitare
532 1314 704 1388 voluerunt,
736 1315 771 1372 ut
798 1311 929 1372 Catilina
957 1316 987 1373 et
1010 1312 1130 1373 Clodius
1159 1316 1189 1374 et

173 1405 247 1480 ipse,
262 1403 398 1481 quamvis
413 1404 528 1482 collega
541 1403 641 1477 tuerit,
661 1401 691 1462 C.
706 1402 868 1462 Antonius:
886 1397 1013 1481 (cuius)
1026 1402 1188 1462 virtutibus

174 1492 341 1552 obtrectare
368 1511 428 1552 non
455 1494 609 1569 poterant,
641 1492 704 1550 eius
727 1492 929 1552 humilitatem
956 1493 1103 1552 natalium
1126 1511 1188 1553 ma·

173 1582 271 1642 ledica
306 1583 503 1642 insectatione
539 1580 708 1657 carpebant.
772 1581 969 1642 Notissimum
1005 1583 1051 1641 cst
1088 1583 1188 1641 autem
1203 1600 1229 1640 rs

174 1672 266 1731 fuisse
308 1669 479 1731 Ciceronem
519 1671 641 1730 natione
672 1670 816 1730 Vulscum
855 1669 971 1746 Arpino
1012 1672 1188 1747 municipio:

172 1761 251 1820 unde
291 1761 339 1818 illi
380 1760 526 1835 quaedam
566 1760 790 1837 peregrinitatis
832 1758 868 1818 ab
904 1759 1083 1819 inuisoribus
1120 1779 1188 1819 con-

173 1849 351 1909 cinnabatur
386 1850 520 1908 infamia.
574 1848 637 1906 Nec
670 1849 703 1907 in
734 1849 899 1923 praesentis
935 1867 1042 1908 causae
1077 1849 1188 1908 iudicio

173 1937 343 2014 Torquatus
365 1939 539 2013 pepercerat
561 1937 643 1997 facta
665 1937 815 1996 mentione
837 1956 942 2016 regum
963 1939 1188 2017 peregrinorum

174 2027 331 2102 Tarquinii
366 2029 398 2086 et
428 2026 552 2085 Numae.
606 2025 718 2084 librarat
749 2026 829 2084 enim
863 2025 1029 2103 Pompilius
1062 2026 1187 2087 Curibus
1202 2048 1237 2092 ao,

175 2115 293 2176 Sabinis
317 2118 409 2189 ortus,
433 2115 612 2190 Tarquinius
635 2133 706 2174 vero
729 2113 846 2174 Priscus
865 2114 1021 2176 Demarati
1040 2114 1188 2176 Corinthii

173 2203 265 2279 filius,
298 2205 350 2280 qui
381 2204 498 2284 fugiens
531 2203 765 2263 dominationem
793 2201 913 2280 Cypseli
943 2205 975 2262 in
1002 2204 1125 2264 Italiam
1157 2225 1188 2266 se

174 2294 352 2370 Tarquinios
384 2294 552 2352 contulerat
582 2291 683 2368 ibique
714 2292 823 2351 liberos
848 2295 1063 2368 procreaverat.
1113 2294 1187 2353 Ani·

173 2383 395 2443 madvertamus
426 2385 540 2456 tamen,
569 2383 688 2457 quantis
712 2383 822 2441 aculeis
850 2383 1021 2458 asperitatis
1043 2384 1187 2442 talionem

173 2472 212 2530 M.
227 2471 343 2532 Tullius
366 2472 477 2530 referat
498 2471 547 2529 hic
570 2471 732 2546 Torquato,
755 2489 842 2545 quem
864 2472 977 2547 partim
999 2472 1187 2548 despiciendo
1202 2491 1230 2531 ss

173 2562 240 2638 plus
264 2561 356 2621 abicit
379 2563 410 2620 et
432 2560 634 2619 humillimum
658 2560 741 2633 facit,
763 2561 875 2634 partim
893 2562 1006 2620 maiore
1024 2562 1188 2622 insectatur

173 2650 301 2725 invidia,
330 2649 409 2725 quod
430 2650 463 2708 in
486 2649 627 2726 exemplis
650 2650 797 2708 maiorum
820 2649 902 2710 illius
929 2650 1051 2709 haereat
1072 2651 1188 2710 invidia

172 2740 349 2816 tyrannidis

243 2915 273 2964 11
284 2927 339 2980 sqq.
358 2910 392 2978 cf.
412 2909 513 2962 Ancon.
531 2914 574 2975 84,
589 2914 652 2977 leq.

241 2986 273 3034 21
284 2998 338 3050 sqq.
363 2979 418 3034 Cic.
438 2979 517 3034 Tusc.
533 2979 613 3046 var,
630 2984 679 3034 109
707 2977 874 3032 Demaratus
898 2979 1021 3046 quidem,
1040 2979 1187 3048 Tarquinii

174 3053 262 3106 nostri
280 3052 354 3122 regis
373 3053 462 3121 pater,
480 3053 632 3118 tyrannum
647 3049 797 3119 Cypselum
814 3049 889 3118 quod
908 3049 981 3105 ferre
996 3067 1053 3104 non
1066 3053 1187 3120 poterat,

173 3123 249 3193 fugit
267 3123 433 3192 Tarquinios
457 3121 590 3177 Corintho
618 3124 647 3176 et
674 3122 714 3175 ibi
742 3137 806 3175 suas
833 3120 960 3175 fortunas
984 3121 1132 3176 constituit
1154 3139 1188 3176 ac

173 3194 276 3248 liberos
294 3193 458 3263 procreavit.

242 3341 256 3387 1
277 3333 427 3388 defendere
443 3336 466 3390 0
518 3337 568 3391 loc.
583 3335 633 3406 57,
649 3351 697 3389 cm.
709 3361 742 3380 =
758 3339 792 3389 13
806 3336 856 3389 litt.
873 3336 944 3388 κατὰ
959 3336 1146 3403 runconere?

175 3405 367 3460 2formam0
401 3406 526 3461 curritC
591 3405 819 3460 12uoluerintC
884 3411 916 3459 13
932 3403 1187 3479 <cuius>o<nam

174 3475 304 3560 quiam
372 3477 613 3560 remaledicere
679 3483 712 3532 20
730 3476 856 3546 Popilius
877 3477 924 3531 Cm
988 3476 1188 3532 21Demarthi

175 3545 345 3602 ConnthrC
414 3554 448 3601 24
466 3548 612 3603 tullionem
633 3550 708 3616 Coro,
726 3565 794 3604 corr.
809 3548 841 3604 St
922 3551 954 3600 27
976 3548 1074 3604 hereat
1094 3550 1142 3604 Om
