2670 3876
583 219 598 278 ς
618 218 731 266 ea-ro.
1120 215 1160 279 17

142 467 163 526 S
210 377 247 525 lSi
278 379 527 454 respondisset
553 380 647 438 idem
674 382 810 440 sentire
836 383 871 440 et
895 399 1012 440 secum
1039 384 1158 442 facere

168 469 205 544 yl
228 485 290 526 am.

208 609 250 622 ...
271 565 310 623 ad
327 566 455 623 formam
476 567 677 624 concessivam
694 585 836 626 revocans
856 570 1159 644 argumentationem:

141 655 261 712 etiamsi
311 653 521 729 quaerentibus
572 652 667 713 Gallis
716 655 918 731 respondisset
962 655 995 714 L.
1040 655 1158 718 Cassius

114 741 173 801 oP.
198 742 312 818 Syllam
343 741 431 802 huius
459 743 529 801 initi
556 745 660 802 contra
686 761 750 802 rem
776 763 805 819 p.
829 744 947 802 sceleris
974 762 1038 805 esse
1064 749 1159 822 parti-

143 833 252 906 cipem,
283 831 384 890 valere
416 849 476 889 non
508 830 643 891 debuisse
675 850 730 907 pro
758 833 890 906 crimine,
923 833 1042 907 quando
1070 835 1158 894 facilc

141 919 310 978 crederetur
331 919 431 994 illum,
459 938 518 994 quo
546 937 628 995 spem
654 918 851 980 robustiorem
874 918 969 980 Gallis
997 922 1094 997 daret,
1122 925 1158 983 de

140 1007 325 1067 nobilissimo
347 1009 413 1068 uiro
436 1025 496 1067 non
519 1007 671 1067 dubitasse
691 1010 821 1068 mentiri.
858 1007 940 1078 Quae
959 1054 966 1069 .
982 1056 988 1068 .
1004 1056 1010 1068 .
1029 1013 1158 1070 multum

140 1095 276 1171 proficiet
304 1096 342 1155 ad
368 1095 458 1171 illud,
486 1097 566 1171 quod
588 1100 751 1175 negaverat
775 1096 892 1158 Cassius
916 1117 946 1158 se
970 1102 1156 1176 comperisse,

99 1184 214 1260 mquid
236 1187 329 1244 animi
354 1184 438 1261 Sylla
461 1184 596 1260 haberet,
624 1189 660 1244 ut
681 1188 743 1245 tale
767 1206 859 1264 genus
881 1189 1082 1264 responsionis
1107 1188 1156 1248 ab·

139 1273 235 1333 soluto
258 1276 433 1352 purgaverit
454 1275 665 1333 innocentiam.

205 1371 286 1431 Nisi
313 1373 407 1431 forte
430 1373 508 1430 veri
535 1372 654 1430 simile
683 1375 737 1430 cst
758 1371 791 1430 P.
816 1372 939 1448 Syllae
967 1391 1092 1433 nomen
1115 1376 1152 1433 in
1176 1377 1190 1438 ἓ
1210 1377 1252 1426 37.

138 1462 309 1519 memoria
334 1459 457 1520 (laesio
481 1478 550 1520 non
573 1461 695 1520 fuisse.

280 1558 466 1617 Verisimilia
498 1557 649 1616 contrahit
680 1559 857 1634 argumenta
888 1576 941 1633 per
978 1559 1155 1634 qualitatem

98 1665 123 1706 rs
138 1663 290 1721 personae,
315 1665 404 1721 quam
428 1648 543 1724 generis
567 1644 708 1705 nobilitas
731 1644 928 1719 inlustrabat,
952 1648 986 1703 ut
1008 1665 1039 1705 se
1063 1650 1154 1707 etiam

138 1753 198 1792 non
231 1737 385 1809 quaerenti
409 1733 511 1794 Cassio
534 1735 667 1810 potuerit
692 1733 796 1792 offerre
828 1753 882 1793 nec
909 1736 1010 1793 tamen
1039 1737 1154 1811 aliquid

137 1823 189 1880 ille
213 1841 244 1882 se
267 1822 375 1881 dixerit
397 1825 583 1899 comperisse.

206 1919 273 1978 Sed
299 1939 362 1999 ego
390 1921 427 1979 in
455 1919 731 1995 quaestionibus
759 1922 794 1978 ct
816 1919 968 1980 indiciis
997 1940 1066 1980 non
1089 1922 1153 1982 hoc
1174 1925 1189 1984 ἓ
1209 1925 1251 1972 39.

139 2008 379 2083 quaerendum
410 2007 582 2084 arbitror,
614 2029 695 2069 num
727 2011 902 2086 purgetur
934 2009 1064 2086 aliqui,
1095 2011 1156 2070 sed

97 2117 124 2157 so
139 2117 220 2155 num
243 2099 425 2175 arguatur.

280 2196 310 2252 et
336 2212 481 2270 perquam
509 2195 670 2254 exercitata
698 2194 897 2271 respondendi
919 2195 1062 2254 facultate
1085 2215 1153 2271 pro-

138 2283 281 2356 positioni
318 2284 498 2342 accusatoris
536 2284 665 2342 occunit
696 2301 756 2342 non
787 2281 865 2342 illud
896 2284 1091 2359 spectandum
1123 2286 1155 2343 in

138 2369 266 2446 indiciis,
289 2390 328 2430 an
347 2370 483 2430 defensus
503 2372 543 2430 sit
562 2372 666 2446 aliqui,
684 2371 737 2430 sed
755 2390 793 2430 an
812 2373 992 2447 nominatus,
1012 2373 1153 2448 quoniam

138 2458 234 2517 videri
255 2461 352 2534 possit
370 2461 462 2518 etiam
487 2461 581 2518 stulta
604 2459 735 2519 defensio
759 2459 791 2518 id
814 2459 894 2535 quod
916 2479 976 2518 non
1000 2463 1154 2520 accusetur

98 2565 125 2608 as
139 2547 216 2605 velle
238 2566 376 2626 purgare.

205 2645 378 2704 Exclusus
411 2645 476 2705 hac
505 2646 761 2705 criminatione
790 2644 994 2720 Torquatus
1026 2662 1151 2704 rursus
1174 2648 1252 2707 §40-

136 2733 174 2790 in
196 2751 248 2791 me
265 2733 395 2807 inruit,
418 2752 469 2791 me
489 2736 649 2808 accusat3
673 2735 726 2792 ait
747 2751 799 2790 me
824 2733 934 2792 aliter
957 2751 996 2792 ac
1019 2731 1155 2792 dictum

137 2821 199 2895 sit,
235 2823 272 2879 in
308 2820 452 2881 tabulas
489 2822 655 2898 publicas
687 2821 886 2882 rettulisse.
947 2818 972 2879 Ο
1005 2821 1058 2880 dii
1090 2823 1154 2880 im-

138 2910 324 2968 mortales!
348 2913 378 2969 et
400 2911 532 2970 relicum.

204 3153 220 3201 3
249 3149 298 3204 loc.
318 3166 366 3204 un.
381 3151 430 3204 lin.
443 3151 476 3218 -Ι-
492 3150 542 3222 3¹s,
558 3168 607 3206 ern.
622 3175 656 3196 =
670 3154 707 3204 24
726 3150 777 3204 litt.
797 3151 853 3204 ἀπὸ
870 3155 922 3204 τοῦ
942 3148 1071 3204 ἐναντίου
1092 3149 1154 3202 καθ’

136 3222 284 3275 ouoeecwr
364 3225 382 3272 4
409 3219 493 3292 (ait)
517 3220 630 3275 etiamsi
647 3221 735 3275 Halm
814 3225 830 3273 ὁ
858 3218 983 3274 initiiG
1059 3224 1075 3272 8
1104 3220 1153 3274 lac.

136 3290 179 3392 ψ
203 3293 415 3347 an.=1212·u.
434 3293 664 3360 nporurdlnprc?
738 3295 771 3343 10
790 3290 980 3344 absolutan
1050 3295 1083 3343 14
1102 3290 1152 3344 luc.

136 3367 154 3416 5
164 3329 187 3433 s:
209 3363 242 3430 -l-
261 3367 279 3416 4
296 3377 345 3416 cm.
365 3387 399 3408 =
417 3365 455 3417 20
473 3364 523 3418 uc.
543 3365 599 3419 ἀπὸ
617 3368 669 3417 τοῦ
688 3362 795 3417 εἰκότος
812 3363 916 3416 stunc?
1004 3365 1036 3414 16
1056 3359 1153 3414 efferre

137 3431 421 3500 Oruo,corr.Niebulrr
466 3431 733 3506 rico-leemase
784 3430 1154 3497 rainiudieiiserinquae-

136 3503 276 3557 stionibus
289 3503 428 3560 coddtb'c.
502 3510 534 3557 21
551 3503 826 3560 luc.4cm.=8lttt.
847 3505 992 3557 δυνατῶεῖ
1059 3506 1093 3554 22
1108 3516 1154 3554 ex-

136 3574 322 3644 spectandum
341 3575 413 3642 Orno,
431 3590 499 3631 corr.
514 3575 547 3634 St
614 3580 648 3628 23
666 3572 910 3645 dlllllllltlsebdll
929 3571 1041 3640 aliquis,
1060 3586 1098 3624 an
1113 3572 1155 3640 Zp

193 3671 286 3714 Schelle
299 3673 424 3715 Boblensia
438 3674 473 3715 cd.
484 3673 647 3714 Hlldabrandt.
979 3666 994 3712 2
