2670 3876
549 153 763 210 PRAEFATIO.
1080 156 1167 210 XLIII

314 325 376 383 697
402 322 477 383 (lum
499 325 611 400 populo
634 325 748 401 gratias
773 324 844 402 egit.

313 414 375 471 702
399 411 459 472 Pro
481 412 600 472 Milone.

312 503 374 561 697
399 501 458 560 Pro
483 500 588 561 Sestio.

312 592 374 650 697
399 590 433 648 In
457 588 622 650 Vatinium.

312 682 376 739 700
400 679 458 738 Pro
480 678 613 738 Plancio.

312 771 374 828 702
400 768 445 826 De
469 786 535 827 aere
560 769 657 827 alieno
681 767 811 828 Milonis.

311 858 374 917 692
399 856 457 916 Pro
480 856 599 916 Archia.

149 961 246 1022 Hmus
278 963 391 1022 ordinis
428 982 504 1038 quae
541 964 581 1024 sit
611 965 703 1036 ratio,
736 962 873 1038 equidem
907 962 1072 1023 diiudicare
1104 983 1165 1024 non

149 1069 282 1128 possum:
309 1052 471 1112 secundum
497 1054 641 1129 tempon's
667 1054 814 1111 rationem
841 1052 990 1111 orationes
1017 1071 1077 1112 non
1104 1052 1164 1112 dis-

148 1141 263 1216 positas
295 1159 357 1200 esse
388 1141 504 1200 numeri
531 1160 689 1216 annorum,
720 1141 752 1199 in
788 1140 896 1217 quibus
928 1141 1048 1201 habitae
1084 1144 1164 1216 sunt,

149 1228 259 1288 cdieeti
281 1230 442 1306 spondent3
471 1231 662 1290 manifestum
684 1232 730 1289 est
752 1231 907 1306 praeterea
929 1231 1079 1291 orationes
1102 1233 1163 1307 pii·

148 1320 234 1378 vatos
262 1321 293 1378 et
319 1318 454 1396 publices
481 1318 530 1379 bic
558 1320 695 1379 confusas
723 1337 799 1394 esse;
835 1338 872 1377 ne
900 1338 1002 1378 earum
1034 1318 1163 1396 quidem,

148 1425 225 1482 quae
248 1407 287 1466 ad
310 1409 434 1467 eandem
456 1427 614 1484 personam
642 1409 789 1485 spectant,
821 1427 913 1466 unam
936 1408 972 1467 ab
996 1408 1092 1467 altera
1114 1429 1162 1468 ex-

149 1496 210 1571 cipi
223 1497 408 1557 orationibus
420 1497 592 1556 Milonianis
606 1495 737 1556 disiectis
752 1496 978 1556 demonstratur.
1004 1495 1162 1558 Orationes

148 1603 203 1662 pro
218 1583 314 1644 Sestio
329 1588 359 1645 et
372 1588 405 1644 in
415 1585 581 1662 Vatinium,
595 1587 751 1662 praeterea
764 1604 839 1658 eam,
852 1605 912 1660 qua
926 1585 1043 1644 senatui
1058 1587 1088 1644 et
1103 1605 1162 1662 qua

147 1674 260 1751 populo
287 1677 400 1752 gratias
431 1677 505 1752 egit,
538 1675 628 1734 etiam
655 1675 687 1732 in
715 1673 771 1734 boc
794 1673 1005 1734 commentario
1028 1675 1108 1733 inter
1130 1693 1161 1734 se

148 1762 304 1823 cohaerere
331 1765 370 1823 ad
398 1765 601 1839 quaestionem
631 1765 730 1840 ipsam
767 1782 859 1839 qnam
885 1765 1048 1822 tractamus
1085 1763 1161 1823 nihil

147 1851 236 1910 valet.
282 1852 348 1912 Iam
379 1871 447 1912 cum
478 1843 639 1934 sciamus¹)
672 1854 705 1910 in
736 1855 835 1913 vetere
866 1854 1092 1929 commentatio,
1126 1871 1161 1910 ex

147 1959 207 2016 quo
226 1941 365 2018 decerpta
383 1944 453 2000 sunt
471 1942 584 2001 scholia
607 1960 682 2018 quae
705 1941 849 2001 habemus
873 1942 1021 2001 orationes
1045 1941 1162 2001 Cicero-

146 2031 253 2088 nianas
277 2033 502 2106 extemporum
523 2032 641 2090 ratione
665 2029 824 2106 dispositas
847 2029 951 2105 fuisse,
981 2033 1094 2090 certum
1117 2034 1163 2090 est

147 2117 281 2177 ordinem
299 2118 382 2177 illius
401 2138 418 2177 a
433 2118 594 2179 scholiasta
611 2121 656 2178 ite
671 2120 827 2179 confusum
846 2137 918 2196 esse,
936 2121 971 2177 ut
988 2118 1162 2198 intellegere

145 2225 205 2266 non
227 2207 382 2284 possimus,
407 2227 465 2284 qua
487 2210 603 2267 ratione
627 2208 830 2285 dispositionis
852 2227 923 2268 usus
947 2210 994 2267 sit.

216 2295 275 2355 Hic
296 2296 372 2355 mihi
394 2297 612 2356 subsistendum
635 2299 688 2356 est.
733 2298 837 2373 Neque
861 2299 939 2356 enim
963 2315 1007 2371 ea,
1031 2299 1160 2372 quaein

146 2383 363 2444 dissertationis
385 2387 533 2462 capitibus
551 2386 583 2445 H
601 2388 631 2445 et
648 2385 696 2443 III
714 2388 853 2460 tractavi,
875 2388 1009 2461 repetere
1031 2404 1159 2462 possum.

147 2471 230 2542 Quae
253 2475 280 2533 si
301 2492 361 2533 non
384 2476 491 2550 omnia,
516 2477 548 2534 at
571 2477 650 2535 certe
673 2493 709 2532 ex
731 2477 861 2533 maxima
884 2477 970 2551 pente
991 2477 1161 2534 etiamnunc

145 2564 225 2621 recte
250 2562 403 2639 disputata
427 2582 489 2623 esse
513 2563 598 2623 credo
626 2582 723 2639 neque
747 2563 802 2638 eis,
826 2581 901 2639 quae
925 2555 1160 2643 Gurlittius²)

146 2654 176 2709 et
204 2645 479 2730 Sebillingius⁸)
509 2655 613 2712 contra
639 2652 699 2710 illa·
717 2653 919 2728 protulerunt,
949 2651 985 2710 de
1004 2652 1160 2711 sententiis

144 2740 218 2799 meis
241 2759 288 2799 me
311 2740 456 2800 deIectum
479 2760 542 2801 esse
565 2740 713 2800 confiteor,

211 2827 356 2888 Praemisi
374 2830 585 2890 commentario
604 2829 746 2889 Bobiensi
764 2828 878 2889 scholia
902 2848 937 2888 ex
955 2828 1055 2887 codice
1079 2827 1158 2906 Lug-

145 2916 355 2978 duno-Batavo
369 2919 420 2978 lat.
435 2918 519 2979 Voss.
535 2917 636 2988 Quart.
656 2920 717 2978 138
738 2910 825 2999 (olim
842 2909 920 2998 152)
935 2918 1064 2993 sumpta,
1083 2935 1159 2993 quae

144 3005 240 3066 denuo
262 3008 295 3066 in
317 3007 497 3067 bibliotheca
519 3007 704 3066 Berolinensi
728 3009 866 3067 accurate
889 2997 1040 3084 eontulit)
1077 3003 1159 3064 Haec

217 3178 241 3245 1)
263 3177 305 3243 Os.
324 3177 525 3232 dissertationis
542 3194 616 3232 mccc
630 3194 697 3247 pap.
713 3182 756 3230 10.

215 3250 242 3315 2)
262 3248 389 3303 Berlincr
402 3250 597 3320 philolopioote
611 3249 826 3314 Wocbcnsclntft
843 3250 927 3314 1895,
946 3246 973 3300 8.
989 3251 1042 3301 554
1056 3247 1103 3318 ffp.

217 3321 244 3386 3)
261 3319 433 3374 Jatrocoter
450 3321 499 3386 fuir
516 3321 660 3374 klacstscbc
675 3317 827 3390 Philotcpie
845 3321 929 3384 1895,
948 3318 975 3372 S.
992 3318 1103 3388 129ffp.

215 3391 242 3458 1)
263 3389 386 3445 Oods'ccm
417 3392 621 3446 accuratissime
653 3391 797 3459 descripsit
832 3389 989 3459 suaptim.-
1025 3390 1085 3444 Dcr
1115 3405 1158 3443 so-

142 3467 279 3529 ycncccotc
294 3461 533 3517 Gronoccotcte'ost
545 3477 580 3516 cu
594 3466 628 3515 11
644 3462 890 3516 cicerooiaciscbca
904 3460 1006 3514 Redeo.
1030 3460 1157 3528 Leipzip-

142 3531 220 3602 Prap
237 3535 321 3599 1884,
339 3533 366 3588 S.
381 3533 452 3603 affy.

32 3809 242 3821 Ἓξ
