2664 3886
576 201 591 263 s
613 201 724 250 15-18.
1020 247 1022 250 .
1114 195 1155 261 57

143 366 262 424 coactus
296 367 341 424 est
369 364 506 424 habitum
533 383 620 424 suum
646 367 820 442 pristinum,
851 367 1006 425 laetiorem
1037 365 1159 440 scilicet,

141 471 324 530 recuperare.
370 453 411 513 Et
433 473 463 514 se
485 455 579 532 igitur
602 454 778 531 amplificat,
794 457 854 532 ,qui
882 457 1002 514 tantum
1028 454 1162 514 dolorem

144 544 276 602 omnium
298 544 448 618 meruerit,
471 545 502 602 et
524 543 602 602 hunc
625 545 711 619 quasi
733 546 895 620 tyrannum
913 545 1085 619 insectatur,
1108 545 1161 619 qui

143 633 260 691 senatui
283 649 336 690 nec
359 632 460 710 lugere
482 634 658 708 permiserit.

117 739 130 780 s
211 719 400 796 Capuaene
421 723 457 779 te
479 720 654 797 putabas?
1179 726 1257 788 517.

209 808 282 867 Fuit
312 811 392 867 enim
420 808 489 869 Piso
520 811 642 870 natione
675 808 850 887 Campanus.
898 805 1027 886 Βαρέως
1058 811 1161 886 itaque

144 896 346 974 Capuensibus
371 897 513 958 adscribit
535 900 644 958 vitium
666 900 830 976 superbiae,
854 900 932 976 quod
955 902 1053 976 ipsum
1076 902 1107 958 et
1128 902 1161 957 in

144 1006 180 1046 ea
207 989 340 1047 oratione
366 987 449 1063 facit,
481 1005 571 1064 quam
602 986 708 1048 habuit
739 991 843 1049 contra
874 989 970 1068 legem
1002 989 1161 1067 agrariam,

144 1076 291 1152 copiosius
315 1077 410 1136 multo
434 1078 464 1135 ct
486 1077 615 1137 effusius.

104 1183 131 1224 ro
211 1165 256 1223 Te
288 1165 556 1226 misericordem
591 1165 727 1226 fuisse?
777 1165 849 1235 Quo
880 1166 989 1227 verbo
1022 1171 1160 1228 ceteros

144 1253 415 1314 demonstrabas
439 1255 602 1316 crudeles
625 1256 746 1316 fuisse.

210 1336 261 1402 Ἐκ
291 1341 350 1404 τοῦ
383 1338 539 1404 ἐναντίου.
595 1344 775 1422 syllogismo
807 1363 876 1404 usus
909 1348 955 1404 est
985 1345 1116 1406 breviter
1144 1365 1162 1405 o

144 1433 306 1507 contrario,
338 1435 373 1490 ut
404 1433 457 1509 qui
488 1451 518 1492 se
549 1433 770 1493 misericordem
801 1433 922 1508 dixerit,
954 1435 1162 1494 crudelitatem

145 1521 262 1579 senatui
285 1519 515 1596 exprobraverit.

104 1627 130 1669 15
210 1610 261 1668 'lu
291 1611 498 1670 misericors
530 1628 582 1668 me
614 1610 771 1670 adfinem
798 1612 897 1669 tuum
924 1613 1161 1671 constrictum

144 1700 304 1758 inimicis
329 1699 530 1758 tradidisti.

211 1781 384 1863 Εἰρημένον
401 1781 446 1848 εἰ(
464 1781 605 1849 εἰπόντα.
640 1787 677 1847 In
691 1787 817 1847 eundem
830 1787 968 1848 Pisonem
981 1789 1103 1849 retorsit
1116 1790 1161 1846 in-

143 1875 257 1936 vidiam
280 1877 474 1952 crudelitatis,
497 1878 550 1954 qui
571 1883 626 1937 n'ec
648 1877 706 1938 sibi
729 1878 978 1954 contemplatione
997 1877 1160 1938 adfinitatis

144 1982 230 2041 opem
252 1967 357 2024 tulerit
379 1968 475 2045 magis
499 1968 684 2027 consentiens
708 1965 873 2027 actionibus
897 1965 1058 2027 Clodianis.

103 2073 130 2112 ao
210 2054 371 2114 Nondum
393 2057 512 2132 palam
534 2056 670 2116 foetum
693 2059 771 2115 erat
793 2055 970 2116 occidisse
992 2075 1064 2116 rem
1086 2075 1115 2132 p.
1179 2061 1194 2122 ἓ
1214 2060 1256 2110 18.

210 2142 292 2202 Haec
315 2145 407 2203 etiam
427 2140 597 2220 μεταφορὰ
615 2147 660 2205 est
678 2146 715 2205 ab
733 2144 902 2205 hominibus
919 2146 981 2204 iam
1000 2146 1161 2205 demortuis

144 2234 175 2290 et
197 2232 369 2308 deploratis,
392 2233 554 2310 dequibus
572 2233 683 2293 dicitur
705 2229 819 2311 ‘palam
837 2229 974 2310 faetum’,
998 2253 1065 2293 cum
1082 2253 1161 2294 mors

145 2339 246 2381 eorum
264 2323 428 2381 nuntietur.
460 2318 618 2382 ‘Arbitria’
636 2341 707 2383 vero
728 2324 840 2383 funeris
859 2326 973 2384 sumtus
992 2324 1066 2383 dicit
1084 2324 1161 2399 illos,

145 2411 197 2486 qui
220 2410 257 2469 ad
281 2410 493 2471 exhibitionem
515 2413 627 2472 funeris
649 2413 853 2488 inpenduntur
874 2431 928 2490 per
952 2431 1015 2488 eos,
1039 2415 1091 2488 qui
1113 2432 1160 2471 ex·

103 2515 130 2556 as
144 2499 307 2575 pediendae
339 2501 509 2576 sepulturae
538 2515 640 2560 curam
667 2503 822 2560 sustinent.
869 2501 909 2560 Et
935 2502 989 2562 hos
1012 2518 1082 2580 ergo
1104 2502 1160 2559 ini-

144 2605 236 2648 m¹⁰⁰⁸
468 2640 598 2715 (neem
625 2643 674 2702 Vr
686 2641 839 2717 munte.)

145 2753 359 2762 ——-—-—-—

212 2796 228 2844 8
247 2791 303 2848 Cio.
323 2793 358 2846 de
381 2792 480 2864 legen
516 2837 521 2847 .
541 2793 593 2862 Ie,
609 2798 642 2848 18
662 2792 716 2859 Qui
738 2793 816 2848 locus
836 2795 901 2864 (scil.
922 2793 1027 2863 Capua)
1045 2796 1161 2863 propter

144 2862 302 2917 ubertatem
322 2881 452 2934 agrorum
470 2881 487 2918 a
507 2865 729 2933 undantiumque
747 2881 840 2919 rerum
858 2865 982 2919 omnium
1001 2865 1160 2934 superbiam

145 2937 174 2988 et
202 2934 399 2990 crudelitatem
426 2937 557 3007 genuisse
585 2936 689 2990 dieitur
715 2952 768 3004 sqq.
812 2942 841 3003 l,
856 2942 890 2990 20
997 2939 1066 2990 nata
1088 2936 1161 2991 inibi

144 3021 206 3059 esse
224 3005 295 3060 haec
314 3008 380 3076 (scil.
399 3007 542 3076 superbia)
561 3023 596 3060 ex
614 3007 818 3076 Campanorum
836 3007 951 3062 fastidio
970 3007 1088 3062 videtur.

212 3152 228 3201 3
250 3149 354 3202 meruit
373 3150 450 3217 Omo,
468 3165 537 3204 corr.
555 3149 592 3204 Or
659 3149 861 3220 ΤὸΡαΝΝΙΓΙΙ
938 3155 953 3204 6
977 3149 1159 3206 ΝαΤΙΟΝΕΜ

144 3220 255 3280 PdNuS
311 3220 436 3276 sealde
537 3226 569 3274 10
592 3222 621 3275 te
639 3221 913 3290 temperandos.
970 3223 1076 3275 ceteros
1096 3221 1159 3276 Cmo

143 3292 273 3345 senatum
282 3293 367 3359 atque
378 3307 473 3345 omnes
482 3291 570 3346 bonos
580 3293 716 3347 redditio.
770 3298 801 3346 11
813 3291 939 3346 crudeles
949 3293 1160 3347 demonstrabas

143 3363 231 3416 fuisse
253 3363 330 3417 codd.
346 3364 400 3418 Cic.
484 3369 516 3416 15
542 3362 681 3418 tulumC
759 3368 792 3418 16
820 3363 942 3417 inimicis
964 3364 1006 3418 rei
1028 3363 1160 3434 publicae

142 3435 290 3490 coddCic.
383 3433 1157 3506 17...P....ttteNONelCC...T...primoloc.

142 3506 270 3561 etaltera
285 3510 300 3559 1
315 3522 363 3560 cm.
374 3509 439 3560 =2
453 3506 504 3561 titt.
519 3507 665 3572 coconem,
683 3507 764 3561 tertio
779 3505 829 3578 ΡΛ
844 3523 893 3562 em.
904 3511 966 3560 =4
980 3507 1041 3573 litt,
1059 3512 1160 3577 quana

142 3581 277 3631 1em.=
295 3580 315 3631 2
333 3577 385 3632 titt.
467 3582 499 3630 21
524 3576 726 3634 ΜΕΤαΦΟΡΙα
809 3583 842 3631 25
866 3579 1003 3632 coramC
